
@ARTICLE{2016Sci...351...62V,
   author = {{van Velzen}, S. and {Anderson}, G.~E. and {Stone}, N.~C. and 
	{Fraser}, M. and {Wevers}, T. and {Metzger}, B.~D. and {Jonker}, P.~G. and 
	{van der Horst}, A.~J. and {Staley}, T.~D. and {Mendez}, A.~J. and 
	{Miller-Jones}, J.~C.~A. and {Hodgkin}, S.~T. and {Campbell}, H.~C. and 
	{Fender}, R.~P.},
    title = "{A radio jet from the optical and x-ray bright stellar tidal disruption flare ASASSN-14li}",
  journal = {Science},
archivePrefix = "arXiv",
   eprint = {1511.08803},
 primaryClass = "astro-ph.HE",
     year = 2016,
    month = jan,
   volume = 351,
    pages = {62-65},
      doi = {10.1126/science.aad1182},
   adsurl = {http://adsabs.harvard.edu/abs/2016Sci...351...62V},
  adsnote = {Provided by the SAO/NASA Astrophysics Data System}
}


@ARTICLE{2003ApJ...592...42G,
   author = {{Gezari}, S. and {Halpern}, J.~P. and {Komossa}, S. and {Grupe}, D. and 
	{Leighly}, K.~M.},
    title = "{Follow-Up Hubble Space Telescope/Space Telescope Imaging Spectroscopy of Three Candidate Tidal Disruption Events}",
  journal = {\apj},
 keywords = {Galaxies: Individual: NGC Number: NGC 5905, Galaxies: Individual: Alphanumeric: RX J1242.6-1119, galaxies: individual (RX J1624.9+7554), Galaxies: Nuclei, Galaxies: Seyfert, X-Rays: Galaxies},
     year = 2003,
    month = jul,
   volume = 592,
    pages = {42-51},
      doi = {10.1086/375553},
   adsurl = {http://adsabs.harvard.edu/abs/2003ApJ...592...42G},
  adsnote = {Provided by the SAO/NASA Astrophysics Data System}
}



@ARTICLE{2003ApJ...597..768S,
   author = {{Schmitt}, H.~R. and {Donley}, J.~L. and {Antonucci}, R.~R.~J. and 
	{Hutchings}, J.~B. and {Kinney}, A.~L. and {Pringle}, J.~E.},
    title = "{A Hubble Space Telescope Survey of Extended [O III] {$\lambda$}5007 {\AA} Emission in a Far-Infrared-Selected Sample of Seyfert Galaxies: Results}",
  journal = {\apj},
   eprint = {astro-ph/0307255},
 keywords = {Galaxies: Active, Galaxies: Nuclei, Galaxies: Seyfert, Galaxies: Structure, Surveys},
     year = 2003,
    month = nov,
   volume = 597,
    pages = {768-779},
      doi = {10.1086/381224},
   adsurl = {http://adsabs.harvard.edu/abs/2003ApJ...597..768S},
  adsnote = {Provided by the SAO/NASA Astrophysics Data System}
}



@ARTICLE{2017arXiv170205430K,
   author = {{Kr{\"u}hler}, T. and {Kuncarayakti}, H. and {Schady}, P. and 
	{Anderson}, J.~P. and {Galbany}, L. and {Gensior}, J.},
    title = "{Hot gas around SN 1998bw: Inferring the progenitor from its environment}",
  journal = {\aap},
archivePrefix = "arXiv",
   eprint = {1702.05430},
 keywords = {galaxies: ISM, galaxies: abundances, galaxies: star formation, gamma-ray burst: general, gamma-ray burst: individual: GRB 980425},
     year = 2017,
    month = jun,
   volume = 602,
      eid = {A85},
    pages = {A85},
      doi = {10.1051/0004-6361/201630268},
   adsurl = {http://adsabs.harvard.edu/abs/2017A%26A...602A..85K},
  adsnote = {Provided by the SAO/NASA Astrophysics Data System}
}

@ARTICLE{2004MNRAS.352..721E,
   author = {{Emsellem}, E. and {Cappellari}, M. and {Peletier}, R.~F. and 
	{McDermid}, R.~M. and {Bacon}, R. and {Bureau}, M. and {Copin}, Y. and 
	{Davies}, R.~L. and {Krajnovi{\'c}}, D. and {Kuntschner}, H. and 
	{Miller}, B.~W. and {de Zeeuw}, P.~T.},
    title = "{The SAURON project - III. Integral-field absorption-line kinematics of 48 elliptical and lenticular galaxies}",
  journal = {\mnras},
   eprint = {astro-ph/0404034},
 keywords = {galaxies: bulges, galaxies: elliptical and lenticular, cD, galaxies: evolution, galaxies: formation, galaxies: kinematics and dynamics, galaxies: structure},
     year = 2004,
    month = aug,
   volume = 352,
    pages = {721-743},
      doi = {10.1111/j.1365-2966.2004.07948.x},
   adsurl = {http://adsabs.harvard.edu/abs/2004MNRAS.352..721E},
  adsnote = {Provided by the SAO/NASA Astrophysics Data System}
}




@ARTICLE{2017arXiv170705214S,
   author = {{Schady}, P.},
    title = "{Gamma ray bursts and their use as cosmic probes}",
  journal = {ArXiv e-prints},
archivePrefix = "arXiv",
   eprint = {1707.05214},
 keywords = {Astrophysics - Astrophysics of Galaxies, Astrophysics - High Energy Astrophysical Phenomena},
     year = 2017,
    month = jul,
   adsurl = {http://adsabs.harvard.edu/abs/2017arXiv170705214S},
  adsnote = {Provided by the SAO/NASA Astrophysics Data System}
}



@ARTICLE{2013ApJ...769...53M,
   author = {{Mosquera}, A.~M. and {Kochanek}, C.~S. and {Chen}, B. and {Dai}, X. and 
	{Blackburne}, J.~A. and {Chartas}, G.},
    title = "{The Structure of the X-Ray and Optical Emitting Regions of the Lensed Quasar Q 2237+0305}",
  journal = {\apj},
archivePrefix = "arXiv",
   eprint = {1301.5009},
 keywords = {accretion, accretion disks, gravitational lensing: micro, quasars: general },
     year = 2013,
    month = may,
   volume = 769,
      eid = {53},
    pages = {53},
      doi = {10.1088/0004-637X/769/1/53},
   adsurl = {http://adsabs.harvard.edu/abs/2013ApJ...769...53M},
  adsnote = {Provided by the SAO/NASA Astrophysics Data System}
}


@ARTICLE{2000A&AS..141..371G,
   author = {{Girardi}, L. and {Bressan}, A. and {Bertelli}, G. and {Chiosi}, C.
	},
    title = "{Evolutionary tracks and isochrones for low- and intermediate-mass stars: From 0.15 to 7 M$_{sun}$, and from Z=0.0004 to 0.03}",
  journal = {\aaps},
   eprint = {astro-ph/9910164},
 keywords = {STARS: EVOLUTION, STARS: INTERIORS, STARS: HERTZSPRUNG-RUSSELL (HR) DIAGRAM, STARS: LOW-MASS},
     year = 2000,
    month = feb,
   volume = 141,
    pages = {371-383},
      doi = {10.1051/aas:2000126},
   adsurl = {http://adsabs.harvard.edu/abs/2000A%26AS..141..371G},
  adsnote = {Provided by the SAO/NASA Astrophysics Data System}
}

@ARTICLE{1998ARA&A..36..189K,
   author = {{Kennicutt}, Jr., R.~C.},
    title = "{Star Formation in Galaxies Along the Hubble Sequence}",
  journal = {\araa},
   eprint = {astro-ph/9807187},
     year = 1998,
   volume = 36,
    pages = {189-232},
      doi = {10.1146/annurev.astro.36.1.189},
   adsurl = {http://adsabs.harvard.edu/abs/1998ARA%26A..36..189K},
  adsnote = {Provided by the SAO/NASA Astrophysics Data System}
}

@PHDTHESIS{2013PhDT.........2W,
   author = {{Wegg}, C.},
    title = "{The Dynamics of White Dwarfs, Black Holes and Stellar Cusps}",
   school = {California Institute of Technology},
     year = 2013,
    month = March,
   adsurl = {http://adsabs.harvard.edu/abs/2013PhDT.........2W},
  adsnote = {Provided by the SAO/NASA Astrophysics Data System}
}


@ARTICLE{2004ApJ...605..105C,
   author = {{Cid Fernandes}, R. and {Gonz{\'a}lez Delgado}, R.~M. and {Schmitt}, H. and 
	{Storchi-Bergmann}, T. and {Martins}, L.~P. and {P{\'e}rez}, E. and 
	{Heckman}, T. and {Leitherer}, C. and {Schaerer}, D.},
    title = "{The Stellar Populations of Low-Luminosity Active Galactic Nuclei. I. Ground-based Observations}",
  journal = {\apj},
   eprint = {astro-ph/0401416},
 keywords = {Galaxies: Active, Galaxies: Nuclei, Galaxies: Starburst, Galaxies: Stellar Content},
     year = 2004,
    month = apr,
   volume = 605,
    pages = {105-126},
      doi = {10.1086/382217},
   adsurl = {http://adsabs.harvard.edu/abs/2004ApJ...605..105C},
  adsnote = {Provided by the SAO/NASA Astrophysics Data System}
}




@ARTICLE{2011ApJ...738L...8W,
   author = {{Wegg}, C. and {Nate Bode}, J.},
    title = "{Multiple Tidal Disruptions as an Indicator of Binary Supermassive Black Hole Systems}",
  journal = {\apjl},
archivePrefix = "arXiv",
   eprint = {1011.5874},
 keywords = {black hole physics, galaxies: evolution, galaxies: kinematics and dynamics, galaxies: nuclei},
     year = 2011,
    month = sep,
   volume = 738,
      eid = {L8},
    pages = {L8},
      doi = {10.1088/2041-8205/738/1/L8},
   adsurl = {http://adsabs.harvard.edu/abs/2011ApJ...738L...8W},
  adsnote = {Provided by the SAO/NASA Astrophysics Data System}
}






@ARTICLE{2017arXiv170701559L,
   author = {{Law-Smith}, J. and {Ramirez-Ruiz}, E. and {Ellison}, S.~L. and 
	{Foley}, R.~J.},
    title = "{Tidal Disruption Event Host Galaxies in the Context of the Local Galaxy Population}",
  journal = {ArXiv e-prints},
archivePrefix = "arXiv",
   eprint = {1707.01559},
 primaryClass = "astro-ph.HE",
 keywords = {Astrophysics - High Energy Astrophysical Phenomena, Astrophysics - Astrophysics of Galaxies},
     year = 2017,
    month = jul,
   adsurl = {http://adsabs.harvard.edu/abs/2017arXiv170701559L},
  adsnote = {Provided by the SAO/NASA Astrophysics Data System}
}

@ARTICLE{2017ApJ...842...29H,
   author = {{Hung}, T. and {Gezari}, S. and {Blagorodnova}, N. and {Roth}, N. and 
	{Cenko}, S.~B. and {Kulkarni}, S.~R. and {Horesh}, A. and {Arcavi}, I. and 
	{McCully}, C. and {Yan}, L. and {Lunnan}, R. and {Fremling}, C. and 
	{Cao}, Y. and {Nugent}, P.~E. and {Wozniak}, P.},
    title = "{Revisiting Optical Tidal Disruption Events with iPTF16axa}",
  journal = {\apj},
archivePrefix = "arXiv",
   eprint = {1703.01299},
 primaryClass = "astro-ph.HE",
 keywords = {accretion, accretion disks, black hole physics, galaxies: nuclei, ultraviolet: general },
     year = 2017,
    month = jun,
   volume = 842,
      eid = {29},
    pages = {29},
      doi = {10.3847/1538-4357/aa7337},
   adsurl = {http://adsabs.harvard.edu/abs/2017ApJ...842...29H},
  adsnote = {Provided by the SAO/NASA Astrophysics Data System}
}


@ARTICLE{2015ATel.7774....1D,
   author = {{Dong}, S. and {Shappee}, B.~J. and {Prieto}, J.~L. and {Jha}, S.~W. and 
	{Stanek}, K.~Z. and {Holoien}, T.~W.-S. and {Kochanek}, C.~S. and 
	{Thompson}, T.~A. and {Morell}, N. and {Thompson}, I.~B. and 
	{Olivares}, F. and {Pignata}, G.},
    title = "{Follow-up observations of ASASSN-15lh establish it as the most luminous supernova ever discovered}",
  journal = {The Astronomer's Telegram},
 keywords = {Supernovae},
     year = 2015,
    month = jul,
   volume = 7774,
   adsurl = {http://adsabs.harvard.edu/abs/2015ATel.7774....1D},
  adsnote = {Provided by the SAO/NASA Astrophysics Data System}
}



@ARTICLE{2012Natur.485..217G,
   author = {{Gezari}, S. and {Chornock}, R. and {Rest}, A. and {Huber}, M.~E. and 
	{Forster}, K. and {Berger}, E. and {Challis}, P.~J. and {Neill}, J.~D. and 
	{Martin}, D.~C. and {Heckman}, T. and {Lawrence}, A. and {Norman}, C. and 
	{Narayan}, G. and {Foley}, R.~J. and {Marion}, G.~H. and {Scolnic}, D. and 
	{Chomiuk}, L. and {Soderberg}, A. and {Smith}, K. and {Kirshner}, R.~P. and 
	{Riess}, A.~G. and {Smartt}, S.~J. and {Stubbs}, C.~W. and {Tonry}, J.~L. and 
	{Wood-Vasey}, W.~M. and {Burgett}, W.~S. and {Chambers}, K.~C. and 
	{Grav}, T. and {Heasley}, J.~N. and {Kaiser}, N. and {Kudritzki}, R.-P. and 
	{Magnier}, E.~A. and {Morgan}, J.~S. and {Price}, P.~A.},
    title = "{An ultraviolet-optical flare from the tidal disruption of a helium-rich stellar core}",
  journal = {\nat},
archivePrefix = "arXiv",
   eprint = {1205.0252},
 primaryClass = "astro-ph.CO",
     year = 2012,
    month = may,
   volume = 485,
    pages = {217-220},
      doi = {10.1038/nature10990},
   adsurl = {http://adsabs.harvard.edu/abs/2012Natur.485..217G},
  adsnote = {Provided by the SAO/NASA Astrophysics Data System}
}


@ARTICLE{2016MNRAS.455..859S,
   author = {{Stone}, N.~C. and {Metzger}, B.~D.},
    title = "{Rates of stellar tidal disruption as probes of the supermassive black hole mass function}",
  journal = {\mnras},
archivePrefix = "arXiv",
   eprint = {1410.7772},
 primaryClass = "astro-ph.HE",
 keywords = {accretion, accretion discs, black hole physics, galaxies: nuclei, X-rays: bursts},
     year = 2016,
    month = jan,
   volume = 455,
    pages = {859-883},
      doi = {10.1093/mnras/stv2281},
   adsurl = {http://adsabs.harvard.edu/abs/2016MNRAS.455..859S},
  adsnote = {Provided by the SAO/NASA Astrophysics Data System}
}



@ARTICLE{2011ApJ...741...73V,
   author = {{van Velzen}, S. and {Farrar}, G.~R. and {Gezari}, S. and {Morrell}, N. and 
	{Zaritsky}, D. and {{\"O}stman}, L. and {Smith}, M. and {Gelfand}, J. and 
	{Drake}, A.~J.},
    title = "{Optical Discovery of Probable Stellar Tidal Disruption Flares}",
  journal = {\apj},
archivePrefix = "arXiv",
   eprint = {1009.1627},
 primaryClass = "astro-ph.CO",
 keywords = {black hole physics, galaxies: nuclei},
     year = 2011,
    month = nov,
   volume = 741,
      eid = {73},
    pages = {73},
      doi = {10.1088/0004-637X/741/2/73},
   adsurl = {http://adsabs.harvard.edu/abs/2011ApJ...741...73V},
  adsnote = {Provided by the SAO/NASA Astrophysics Data System}
}



@ARTICLE{2016MNRAS.459L..21K,
   author = {{Kozyreva}, A. and {Hirschi}, R. and {Blinnikov}, S. and {den Hartogh}, J.
	},
    title = "{How much radioactive nickel does ASASSN-15lh require?}",
  journal = {\mnras},
archivePrefix = "arXiv",
   eprint = {1603.00335},
 primaryClass = "astro-ph.HE",
 keywords = {radiative transfer, stars: evolution, stars: massive, supernovae: general, supernovae: individual: ASASSN-15lh},
     year = 2016,
    month = jun,
   volume = 459,
    pages = {L21-L25},
      doi = {10.1093/mnrasl/slw036},
   adsurl = {http://adsabs.harvard.edu/abs/2016MNRAS.459L..21K},
  adsnote = {Provided by the SAO/NASA Astrophysics Data System}
}

@ARTICLE{2017arXiv170504689C,
   author = {{Coughlin}, E.~R. and {Armitage}, P.~J.},
    title = "{Tidal disruption by extreme mass ratio binaries and application to ASASSN-15lh}",
  journal = {ArXiv e-prints},
archivePrefix = "arXiv",
   eprint = {1705.04689},
 keywords = {Astrophysics - Astrophysics of Galaxies, Astrophysics - High Energy Astrophysical Phenomena},
     year = 2017,
    month = may,
   adsurl = {http://adsabs.harvard.edu/abs/2017arXiv170504689C},
  adsnote = {Provided by the SAO/NASA Astrophysics Data System}
}

@ARTICLE{2016ApJ...820L..38S,
   author = {{Sukhbold}, T. and {Woosley}, S.~E.},
    title = "{The Most Luminous Supernovae}",
  journal = {\apjl},
archivePrefix = "arXiv",
   eprint = {1602.04865},
 primaryClass = "astro-ph.HE",
 keywords = {supernovae: general},
     year = 2016,
    month = apr,
   volume = 820,
      eid = {L38},
    pages = {L38},
      doi = {10.3847/2041-8205/820/2/L38},
   adsurl = {http://adsabs.harvard.edu/abs/2016ApJ...820L..38S},
  adsnote = {Provided by the SAO/NASA Astrophysics Data System}
}



@ARTICLE{2016A&A...595A...2G,
   author = {{Gaia Collaboration} and {Brown}, A.~G.~A. and {Vallenari}, A. and 
	{Prusti}, T. and {de Bruijne}, J.~H.~J. and {Mignard}, F. and 
	{Drimmel}, R. and {Babusiaux}, C. and {Bailer-Jones}, C.~A.~L. and 
	{Bastian}, U. and et al.},
    title = "{Gaia Data Release 1. Summary of the astrometric, photometric, and survey properties}",
  journal = {\aap},
archivePrefix = "arXiv",
   eprint = {1609.04172},
 primaryClass = "astro-ph.IM",
 keywords = {catalogs, astrometry, parallaxes, proper motions, surveys},
     year = 2016,
    month = nov,
   volume = 595,
      eid = {A2},
    pages = {A2},
      doi = {10.1051/0004-6361/201629512},
   adsurl = {http://adsabs.harvard.edu/abs/2016A%26A...595A...2G},
  adsnote = {Provided by the SAO/NASA Astrophysics Data System}
}


@ARTICLE{2011MNRAS.415.1783B,
   author = {{Bekki}, K. and {Couch}, W.~J.},
    title = "{Transformation from spirals into S0s with bulge growth in groups of galaxies}",
  journal = {\mnras},
archivePrefix = "arXiv",
   eprint = {1105.0531},
 keywords = {galaxies: bulges, galaxies: elliptical and lenticular, cD, galaxies: evolution, galaxies: high-redshift, galaxies: starburst},
     year = 2011,
    month = aug,
   volume = 415,
    pages = {1783-1796},
      doi = {10.1111/j.1365-2966.2011.18821.x},
   adsurl = {http://adsabs.harvard.edu/abs/2011MNRAS.415.1783B},
  adsnote = {Provided by the SAO/NASA Astrophysics Data System}
}



@ARTICLE{2001Natur.413...45B,
   author = {{Baganoff}, F.~K. and {Bautz}, M.~W. and {Brandt}, W.~N. and 
	{Chartas}, G. and {Feigelson}, E.~D. and {Garmire}, G.~P. and 
	{Maeda}, Y. and {Morris}, M. and {Ricker}, G.~R. and {Townsley}, L.~K. and 
	{Walter}, F.},
    title = "{Rapid X-ray flaring from the direction of the supermassive black hole at the Galactic Centre}",
  journal = {\nat},
   eprint = {astro-ph/0109367},
     year = 2001,
    month = sep,
   volume = 413,
    pages = {45-48},
      doi = {10.1038/35092510},
   adsurl = {http://adsabs.harvard.edu/abs/2001Natur.413...45B},
  adsnote = {Provided by the SAO/NASA Astrophysics Data System}
}


@ARTICLE{2005A&A...437...69B,
   author = {{Bournaud}, F. and {Jog}, C.~J. and {Combes}, F.},
    title = "{Galaxy mergers with various mass ratios: Properties of remnants}",
  journal = {\aap},
   eprint = {astro-ph/0503189},
 keywords = {galaxies: evolution, galaxies: kinematics and dynamics, galaxies: formation, galaxies: interactions, galaxies: structure},
     year = 2005,
    month = jul,
   volume = 437,
    pages = {69-85},
      doi = {10.1051/0004-6361:20042036},
   adsurl = {http://adsabs.harvard.edu/abs/2005A%26A...437...69B},
  adsnote = {Provided by the SAO/NASA Astrophysics Data System}
}



@ARTICLE{2010MNRAS.403.1036C,
   author = {{Cid Fernandes}, R. and {Stasi{\'n}ska}, G. and {Schlickmann}, M.~S. and 
	{Mateus}, A. and {Vale Asari}, N. and {Schoenell}, W. and {Sodr{\'e}}, L.
	},
    title = "{Alternative diagnostic diagrams and the `forgotten' population of weak line galaxies in the SDSS}",
  journal = {\mnras},
archivePrefix = "arXiv",
   eprint = {0912.1643},
 keywords = {galaxies: active, galaxies: statistics},
     year = 2010,
    month = apr,
   volume = 403,
    pages = {1036-1053},
      doi = {10.1111/j.1365-2966.2009.16185.x},
   adsurl = {http://adsabs.harvard.edu/abs/2010MNRAS.403.1036C},
  adsnote = {Provided by the SAO/NASA Astrophysics Data System}
}

@ARTICLE{1997ARA&A..35..445U,
   author = {{Ulrich}, M.-H. and {Maraschi}, L. and {Urry}, C.~M.},
    title = "{Variability of Active Galactic Nuclei}",
  journal = {\araa},
     year = 1997,
   volume = 35,
    pages = {445-502},
      doi = {10.1146/annurev.astro.35.1.445},
   adsurl = {http://adsabs.harvard.edu/abs/1997ARA%26A..35..445U},
  adsnote = {Provided by the SAO/NASA Astrophysics Data System}
}



@ARTICLE{2004ApJ...601..692V,
   author = {{Vanden Berk}, D.~E. and {Wilhite}, B.~C. and {Kron}, R.~G. and 
	{Anderson}, S.~F. and {Brunner}, R.~J. and {Hall}, P.~B. and 
	{Ivezi{\'c}}, {\v Z}. and {Richards}, G.~T. and {Schneider}, D.~P. and 
	{York}, D.~G. and {Brinkmann}, J.~V. and {Lamb}, D.~Q. and {Nichol}, R.~C. and 
	{Schlegel}, D.~J.},
    title = "{The Ensemble Photometric Variability of \~{}25,000 Quasars in the Sloan Digital Sky Survey}",
  journal = {\apj},
   eprint = {astro-ph/0310336},
 keywords = {Galaxies: Active, Galaxies: Quasars: General, Techniques: Photometric},
     year = 2004,
    month = feb,
   volume = 601,
    pages = {692-714},
      doi = {10.1086/380563},
   adsurl = {http://adsabs.harvard.edu/abs/2004ApJ...601..692V},
  adsnote = {Provided by the SAO/NASA Astrophysics Data System}
}




@ARTICLE{2015MNRAS.452...69M,
   author = {{Merloni}, A. and {Dwelly}, T. and {Salvato}, M. and {Georgakakis}, A. and 
	{Greiner}, J. and {Krumpe}, M. and {Nandra}, K. and {Ponti}, G. and 
	{Rau}, A.},
    title = "{A tidal disruption flare in a massive galaxy? Implications for the fuelling mechanisms of nuclear black holes}",
  journal = {\mnras},
archivePrefix = "arXiv",
   eprint = {1503.04870},
 primaryClass = "astro-ph.HE",
 keywords = {accretion, accretion discs, black hole physics, galaxies: active, galaxies: nuclei},
     year = 2015,
    month = sep,
   volume = 452,
    pages = {69-87},
      doi = {10.1093/mnras/stv1095},
   adsurl = {http://adsabs.harvard.edu/abs/2015MNRAS.452...69M},
  adsnote = {Provided by the SAO/NASA Astrophysics Data System}
}

@ARTICLE{2015ApJ...800..144L,
   author = {{LaMassa}, S.~M. and {Cales}, S. and {Moran}, E.~C. and {Myers}, A.~D. and 
	{Richards}, G.~T. and {Eracleous}, M. and {Heckman}, T.~M. and 
	{Gallo}, L. and {Urry}, C.~M.},
    title = "{The Discovery of the First {\ldquo}Changing Look{\rdquo} Quasar: New Insights Into the Physics and Phenomenology of Active Galactic Nucleus}",
  journal = {\apj},
archivePrefix = "arXiv",
   eprint = {1412.2136},
 keywords = {accretion, accretion disks, line: profiles, quasars: emission lines, quasars: general, quasars: individual: SDSS J015957.64+003310.5, quasars: supermassive black holes},
     year = 2015,
    month = feb,
   volume = 800,
      eid = {144},
    pages = {144},
      doi = {10.1088/0004-637X/800/2/144},
   adsurl = {http://adsabs.harvard.edu/abs/2015ApJ...800..144L},
  adsnote = {Provided by the SAO/NASA Astrophysics Data System}
}




@ARTICLE{2017ApJ...835..144G,
   author = {{Gezari}, S. and {Hung}, T. and {Cenko}, S.~B. and {Blagorodnova}, N. and 
	{Yan}, L. and {Kulkarni}, S.~R. and {Mooley}, K. and {Kong}, A.~K.~H. and 
	{Cantwell}, T.~M. and {Yu}, P.~C. and {Cao}, Y. and {Fremling}, C. and 
	{Neill}, J.~D. and {Ngeow}, C.-C. and {Nugent}, P.~E. and {Wozniak}, P.
	},
    title = "{iPTF Discovery of the Rapid {\ldquo}Turn-on{\rdquo} of a Luminous Quasar}",
  journal = {\apj},
archivePrefix = "arXiv",
   eprint = {1612.04830},
 primaryClass = "astro-ph.HE",
 keywords = {accretion, accretion disks, black hole physics, galaxies: active, surveys},
     year = 2017,
    month = feb,
   volume = 835,
      eid = {144},
    pages = {144},
      doi = {10.3847/1538-4357/835/2/144},
   adsurl = {http://adsabs.harvard.edu/abs/2017ApJ...835..144G},
  adsnote = {Provided by the SAO/NASA Astrophysics Data System}
}



@ARTICLE{2011ApJ...735..106D,
   author = {{Drake}, A.~J. and {Djorgovski}, S.~G. and {Mahabal}, A. and 
	{Anderson}, J. and {Roy}, R. and {Mohan}, V. and {Ravindranath}, S. and 
	{Frail}, D. and {Gezari}, S. and {Neill}, J.~D. and {Ho}, L.~C. and 
	{Prieto}, J.~L. and {Thompson}, D. and {Thorstensen}, J. and 
	{Wagner}, M. and {Kowalski}, R. and {Chiang}, J. and {Grove}, J.~E. and 
	{Schinzel}, F.~K. and {Wood}, D.~L. and {Carrasco}, L. and {Recillas}, E. and 
	{Kewley}, L. and {Archana}, K.~N. and {Basu}, A. and {Wadadekar}, Y. and 
	{Kumar}, B. and {Myers}, A.~D. and {Phinney}, E.~S. and {Williams}, R. and 
	{Graham}, M.~J. and {Catelan}, M. and {Beshore}, E. and {Larson}, S. and 
	{Christensen}, E.},
    title = "{The Discovery and Nature of the Optical Transient CSS100217:102913+404220}",
  journal = {\apj},
archivePrefix = "arXiv",
   eprint = {1103.5514},
 keywords = {galaxies: active, galaxies: nuclei, galaxies: stellar content, supernovae: general},
     year = 2011,
    month = jul,
   volume = 735,
      eid = {106},
    pages = {106},
      doi = {10.1088/0004-637X/735/2/106},
   adsurl = {http://adsabs.harvard.edu/abs/2011ApJ...735..106D},
  adsnote = {Provided by the SAO/NASA Astrophysics Data System}
}


@ARTICLE{2017arXiv170307816B,
   author = {{Blanchard}, P.~K. and {Nicholl}, M. and {Berger}, E. and {Guillochon}, J. and 
	{Margutti}, R. and {Chornock}, R. and {Alexander}, K.~D. and 
	{Leja}, J. and {Drout}, M.~R.},
    title = "{PS16dtm: A Tidal Disruption Event in a Narrow-line Seyfert 1 Galaxy}",
  journal = {ArXiv e-prints},
archivePrefix = "arXiv",
   eprint = {1703.07816},
 primaryClass = "astro-ph.HE",
 keywords = {Astrophysics - High Energy Astrophysical Phenomena},
     year = 2017,
    month = mar,
   adsurl = {http://adsabs.harvard.edu/abs/2017arXiv170307816B},
  adsnote = {Provided by the SAO/NASA Astrophysics Data System}
}



@ARTICLE{2015ApJ...798...12V,
   author = {{Vink{\'o}}, J. and {Yuan}, F. and {Quimby}, R.~M. and {Wheeler}, J.~C. and 
	{Ramirez-Ruiz}, E. and {Guillochon}, J. and {Chatzopoulos}, E. and 
	{Marion}, G.~H. and {Akerlof}, C.},
    title = "{A Luminous, Fast Rising UV-transient Discovered by ROTSE: A Tidal Disruption Event?}",
  journal = {\apj},
archivePrefix = "arXiv",
   eprint = {1410.6014},
 primaryClass = "astro-ph.HE",
 keywords = {circumstellar matter, radiation mechanisms: non-thermal, stars: black holes, stars: magnetars, supernovae: general},
     year = 2015,
    month = jan,
   volume = 798,
      eid = {12},
    pages = {12},
      doi = {10.1088/0004-637X/798/1/12},
   adsurl = {http://adsabs.harvard.edu/abs/2015ApJ...798...12V},
  adsnote = {Provided by the SAO/NASA Astrophysics Data System}
}

@ARTICLE{2008ApJ...676..944G,
   author = {{Gezari}, S. and {Basa}, S. and {Martin}, D.~C. and {Bazin}, G. and 
	{Forster}, K. and {Milliard}, B. and {Halpern}, J.~P. and {Friedman}, P.~G. and 
	{Morrissey}, P. and {Neff}, S.~G. and {Schiminovich}, D. and 
	{Seibert}, M. and {Small}, T. and {Wyder}, T.~K.},
    title = "{UV/Optical Detections of Candidate Tidal Disruption Events by GALEX and CFHTLS}",
  journal = {\apj},
archivePrefix = "arXiv",
   eprint = {0712.4149},
 keywords = {galaxies: nuclei, ultraviolet: galaxies, X-rays: galaxies},
     year = 2008,
    month = apr,
   volume = 676,
      eid = {944-969},
    pages = {944-969},
      doi = {10.1086/529008},
   adsurl = {http://adsabs.harvard.edu/abs/2008ApJ...676..944G},
  adsnote = {Provided by the SAO/NASA Astrophysics Data System}
}

@ARTICLE{2016ApJ...825L..14S,
   author = {{Stone}, N.~C. and {van Velzen}, S.},
    title = "{An Enhanced Rate of Tidal Disruptions in the Centrally Overdense E+A Galaxy NGC 3156}",
  journal = {\apjl},
archivePrefix = "arXiv",
   eprint = {1604.02056},
 keywords = {galaxies: nuclei, galaxies: starburst, quasars: supermassive black holes},
     year = 2016,
    month = jul,
   volume = 825,
      eid = {L14},
    pages = {L14},
      doi = {10.3847/2041-8205/825/1/L14},
   adsurl = {http://adsabs.harvard.edu/abs/2016ApJ...825L..14S},
  adsnote = {Provided by the SAO/NASA Astrophysics Data System}
}


@ARTICLE{2017ApJ...835..176F,
   author = {{French}, K.~D. and {Arcavi}, I. and {Zabludoff}, A.},
    title = "{The Post-starburst Evolution of Tidal Disruption Event Host Galaxies}",
  journal = {\apj},
archivePrefix = "arXiv",
   eprint = {1609.04755},
 keywords = {galaxies: evolution, galaxies: nuclei},
     year = 2017,
    month = feb,
   volume = 835,
      eid = {176},
    pages = {176},
      doi = {10.3847/1538-4357/835/2/176},
   adsurl = {http://adsabs.harvard.edu/abs/2017ApJ...835..176F},
  adsnote = {Provided by the SAO/NASA Astrophysics Data System}
}


@ARTICLE{2012PhRvD..85b4037K,
   author = {{Kesden}, M.},
    title = "{Tidal-disruption rate of stars by spinning supermassive black holes}",
  journal = {\prd},
archivePrefix = "arXiv",
   eprint = {1109.6329},
 primaryClass = "astro-ph.CO",
 keywords = {Classical black holes, Galactic nuclei circumnuclear matter and bulges},
     year = 2012,
    month = jan,
   volume = 85,
   number = 2,
      eid = {024037},
    pages = {024037},
      doi = {10.1103/PhysRevD.85.024037},
   adsurl = {http://adsabs.harvard.edu/abs/2012PhRvD..85b4037K},
  adsnote = {Provided by the SAO/NASA Astrophysics Data System}
}




@ARTICLE{2014MNRAS.445.3263H,
   author = {{Holoien}, T.~W.-S. and {Prieto}, J.~L. and {Bersier}, D. and 
	{Kochanek}, C.~S. and {Stanek}, K.~Z. and {Shappee}, B.~J. and 
	{Grupe}, D. and {Basu}, U. and {Beacom}, J.~F. and {Brimacombe}, J. and 
	{Brown}, J.~S. and {Davis}, A.~B. and {Jencson}, J. and {Pojmanski}, G. and 
	{Szczygie{\l}}, D.~M.},
    title = "{ASASSN-14ae: a tidal disruption event at 200 Mpc}",
  journal = {\mnras},
archivePrefix = "arXiv",
   eprint = {1405.1417},
 keywords = {accretion, accretion discs, black hole physics, galaxies: nuclei},
     year = 2014,
    month = dec,
   volume = 445,
    pages = {3263-3277},
      doi = {10.1093/mnras/stu1922},
   adsurl = {http://adsabs.harvard.edu/abs/2014MNRAS.445.3263H},
  adsnote = {Provided by the SAO/NASA Astrophysics Data System}
}




@ARTICLE{2016MNRAS.455.2918H,
   author = {{Holoien}, T.~W.-S. and {Kochanek}, C.~S. and {Prieto}, J.~L. and 
	{Stanek}, K.~Z. and {Dong}, S. and {Shappee}, B.~J. and {Grupe}, D. and 
	{Brown}, J.~S. and {Basu}, U. and {Beacom}, J.~F. and {Bersier}, D. and 
	{Brimacombe}, J. and {Danilet}, A.~B. and {Falco}, E. and {Guo}, Z. and 
	{Jose}, J. and {Herczeg}, G.~J. and {Long}, F. and {Pojmanski}, G. and 
	{Simonian}, G.~V. and {Szczygie{\l}}, D.~M. and {Thompson}, T.~A. and 
	{Thorstensen}, J.~R. and {Wagner}, R.~M. and {Wo{\'z}niak}, P.~R.
	},
    title = "{Six months of multiwavelength follow-up of the tidal disruption candidate ASASSN-14li and implied TDE rates from ASAS-SN}",
  journal = {\mnras},
archivePrefix = "arXiv",
   eprint = {1507.01598},
 primaryClass = "astro-ph.HE",
 keywords = {accretion, accretion discs, black hole physics, galaxies: nuclei},
     year = 2016,
    month = jan,
   volume = 455,
    pages = {2918-2935},
      doi = {10.1093/mnras/stv2486},
   adsurl = {http://adsabs.harvard.edu/abs/2016MNRAS.455.2918H},
  adsnote = {Provided by the SAO/NASA Astrophysics Data System}
}


@ARTICLE{2008MNRAS.386..105B,
   author = {{Bianchi}, S. and {Chiaberge}, M. and {Piconcelli}, E. and {Guainazzi}, M. and 
	{Matt}, G.},
    title = "{Chandra unveils a binary active galactic nucleus in Mrk 463}",
  journal = {\mnras},
archivePrefix = "arXiv",
   eprint = {0802.0825},
 keywords = {galaxies: active, galaxies: Seyfert, X-rays: individual: Mrk 463, X-rays: individual: Mrk 463E, X-rays: individual: Mrk 463W},
     year = 2008,
    month = may,
   volume = 386,
    pages = {105-110},
      doi = {10.1111/j.1365-2966.2008.13078.x},
   adsurl = {http://adsabs.harvard.edu/abs/2008MNRAS.386..105B},
  adsnote = {Provided by the SAO/NASA Astrophysics Data System}
}



@ARTICLE{2003ApJ...582L..15K,
   author = {{Komossa}, S. and {Burwitz}, V. and {Hasinger}, G. and {Predehl}, P. and 
	{Kaastra}, J.~S. and {Ikebe}, Y.},
    title = "{Discovery of a Binary Active Galactic Nucleus in the Ultraluminous Infrared Galaxy NGC 6240 Using Chandra}",
  journal = {\apjl},
   eprint = {astro-ph/0212099},
 keywords = {Galaxies: Quasars: Individual: Alphanumeric: NGC 6240, X-Rays: Galaxies},
     year = 2003,
    month = jan,
   volume = 582,
    pages = {L15-L19},
      doi = {10.1086/346145},
   adsurl = {http://adsabs.harvard.edu/abs/2003ApJ...582L..15K},
  adsnote = {Provided by the SAO/NASA Astrophysics Data System}
}

@ARTICLE{2006ApJS..163....1H,
   author = {{Hopkins}, P.~F. and {Hernquist}, L. and {Cox}, T.~J. and {Di Matteo}, T. and 
	{Robertson}, B. and {Springel}, V.},
    title = "{A Unified, Merger-driven Model of the Origin of Starbursts, Quasars, the Cosmic X-Ray Background, Supermassive Black Holes, and Galaxy Spheroids}",
  journal = {\apjs},
   eprint = {astro-ph/0506398},
 keywords = {Cosmology: Theory, Galaxies: Active, Galaxies: Evolution, Galaxies: Nuclei, Galaxies: Quasars: General},
     year = 2006,
    month = mar,
   volume = 163,
    pages = {1-49},
      doi = {10.1086/499298},
   adsurl = {http://adsabs.harvard.edu/abs/2006ApJS..163....1H},
  adsnote = {Provided by the SAO/NASA Astrophysics Data System}
}

@ARTICLE{2011ApJ...740L..44F,
   author = {{Fu}, H. and {Zhang}, Z.-Y. and {Assef}, R.~J. and {Stockton}, A. and 
	{Myers}, A.~D. and {Yan}, L. and {Djorgovski}, S.~G. and {Wrobel}, J.~M. and 
	{Riechers}, D.~A.},
    title = "{A Kiloparsec-scale Binary Active Galactic Nucleus Confirmed by the Expanded Very Large Array}",
  journal = {\apjl},
archivePrefix = "arXiv",
   eprint = {1109.0008},
 keywords = {galaxies: active, galaxies: individual: SDSS J150243.1+111557, galaxies: interactions, galaxies: nuclei},
     year = 2011,
    month = oct,
   volume = 740,
      eid = {L44},
    pages = {L44},
      doi = {10.1088/2041-8205/740/2/L44},
   adsurl = {http://adsabs.harvard.edu/abs/2011ApJ...740L..44F},
  adsnote = {Provided by the SAO/NASA Astrophysics Data System}
}



@ARTICLE{2011ApJ...735...48S,
   author = {{Shen}, Y. and {Liu}, X. and {Greene}, J.~E. and {Strauss}, M.~A.
	},
    title = "{Type 2 Active Galactic Nuclei with Double-peaked [O III] Lines. II. Single AGNs with Complex Narrow-line Region Kinematics are More Common than Binary AGNs}",
  journal = {\apj},
archivePrefix = "arXiv",
   eprint = {1011.5246},
 keywords = {black hole physics, galaxies: active, galaxies: interactions, galaxies: nuclei, galaxies: Seyfert, quasars: general},
     year = 2011,
    month = jul,
   volume = 735,
      eid = {48},
    pages = {48},
      doi = {10.1088/0004-637X/735/1/48},
   adsurl = {http://adsabs.harvard.edu/abs/2011ApJ...735...48S},
  adsnote = {Provided by the SAO/NASA Astrophysics Data System}
}


@ARTICLE{2015ApJ...813..103M,
   author = {{M{\"u}ller-S{\'a}nchez}, F. and {Comerford}, J.~M. and {Nevin}, R. and 
	{Barrows}, R.~S. and {Cooper}, M.~C. and {Greene}, J.~E.},
    title = "{The Origin of Double-peaked Narrow Lines in Active Galactic Nuclei. I. Very Large Array Detections of Dual AGNs and AGN Outflows}",
  journal = {\apj},
archivePrefix = "arXiv",
   eprint = {1509.04291},
 keywords = {galaxies: active, galaxies: evolution, galaxies: interactions, galaxies: nuclei, radio continuum: galaxies},
     year = 2015,
    month = nov,
   volume = 813,
      eid = {103},
    pages = {103},
      doi = {10.1088/0004-637X/813/2/103},
   adsurl = {http://adsabs.harvard.edu/abs/2015ApJ...813..103M},
  adsnote = {Provided by the SAO/NASA Astrophysics Data System}
}


@ARTICLE{2011ApJ...727...71F,
   author = {{Fischer}, T.~C. and {Crenshaw}, D.~M. and {Kraemer}, S.~B. and 
	{Schmitt}, H.~R. and {Mushotsky}, R.~F. and {Dunn}, J.~P.},
    title = "{Hubble Space Telescope Observations of the Double-peaked Emission Lines in the Seyfert Galaxy Markarian 78: Mass Outflows from a Single Active Galactic Nucleus}",
  journal = {\apj},
archivePrefix = "arXiv",
   eprint = {1011.4213},
 keywords = {galaxies: individual: Mrk 78, galaxies: Seyfert},
     year = 2011,
    month = feb,
   volume = 727,
      eid = {71},
    pages = {71},
      doi = {10.1088/0004-637X/727/2/71},
   adsurl = {http://adsabs.harvard.edu/abs/2011ApJ...727...71F},
  adsnote = {Provided by the SAO/NASA Astrophysics Data System}
}




@ARTICLE{2004PASP..116..138C,
   author = {{Cappellari}, M. and {Emsellem}, E.},
    title = "{Parametric Recovery of Line-of-Sight Velocity Distributions from Absorption-Line Spectra of Galaxies via Penalized Likelihood}",
  journal = {\pasp},
   eprint = {astro-ph/0312201},
 keywords = {Galaxies: Individual: NGC Number: NGC 3384, Galaxies: Kinematics and Dynamics, line: profiles, Methods: Numerical},
     year = 2004,
    month = feb,
   volume = 116,
    pages = {138-147},
      doi = {10.1086/381875},
   adsurl = {http://adsabs.harvard.edu/abs/2004PASP..116..138C},
  adsnote = {Provided by the SAO/NASA Astrophysics Data System}
}



@ARTICLE{2013ARA&A..51..511K,
   author = {{Kormendy}, J. and {Ho}, L.~C.},
    title = "{Coevolution (Or Not) of Supermassive Black Holes and Host Galaxies}",
  journal = {\araa},
archivePrefix = "arXiv",
   eprint = {1304.7762},
     year = 2013,
    month = aug,
   volume = 51,
    pages = {511-653},
      doi = {10.1146/annurev-astro-082708-101811},
   adsurl = {http://adsabs.harvard.edu/abs/2013ARA%26A..51..511K},
  adsnote = {Provided by the SAO/NASA Astrophysics Data System}
}



@ARTICLE{2017MNRAS.466..798C,
   author = {{Cappellari}, M.},
    title = "{Improving the full spectrum fitting method: accurate convolution with Gauss-Hermite functions}",
  journal = {\mnras},
archivePrefix = "arXiv",
   eprint = {1607.08538},
 keywords = {techniques: radial velocities, techniques: spectroscopic, galaxies: kinematics and dynamics},
     year = 2017,
    month = apr,
   volume = 466,
    pages = {798-811},
      doi = {10.1093/mnras/stw3020},
   adsurl = {http://adsabs.harvard.edu/abs/2017MNRAS.466..798C},
  adsnote = {Provided by the SAO/NASA Astrophysics Data System}
}



@ARTICLE{2016A&A...595A...1G,
   author = {{Gaia Collaboration} and {Prusti}, T. and {de Bruijne}, J.~H.~J. and 
	{Brown}, A.~G.~A. and {Vallenari}, A. and {Babusiaux}, C. and 
	{Bailer-Jones}, C.~A.~L. and {Bastian}, U. and {Biermann}, M. and 
	{Evans}, D.~W. and et al.},
    title = "{The Gaia mission}",
  journal = {\aap},
archivePrefix = "arXiv",
   eprint = {1609.04153},
 primaryClass = "astro-ph.IM",
 keywords = {space vehicles: instruments, Galaxy: structure, astrometry, parallaxes, proper motions, telescopes},
     year = 2016,
    month = nov,
   volume = 595,
      eid = {A1},
    pages = {A1},
      doi = {10.1051/0004-6361/201629272},
   adsurl = {http://adsabs.harvard.edu/abs/2016A%26A...595A...1G},
  adsnote = {Provided by the SAO/NASA Astrophysics Data System}
}


@ARTICLE{2011A&A...536A.105V,
   author = {{Vernet}, J. and {Dekker}, H. and {D'Odorico}, S. and {Kaper}, L. and 
	{Kjaergaard}, P. and {Hammer}, F. and {Randich}, S. and {Zerbi}, F. and 
	{Groot}, P.~J. and {Hjorth}, J. and {Guinouard}, I. and {Navarro}, R. and 
	{Adolfse}, T. and {Albers}, P.~W. and {Amans}, J.-P. and {Andersen}, J.~J. and 
	{Andersen}, M.~I. and {Binetruy}, P. and {Bristow}, P. and {Castillo}, R. and 
	{Chemla}, F. and {Christensen}, L. and {Conconi}, P. and {Conzelmann}, R. and 
	{Dam}, J. and {de Caprio}, V. and {de Ugarte Postigo}, A. and 
	{Delabre}, B. and {di Marcantonio}, P. and {Downing}, M. and 
	{Elswijk}, E. and {Finger}, G. and {Fischer}, G. and {Flores}, H. and 
	{Fran{\c c}ois}, P. and {Goldoni}, P. and {Guglielmi}, L. and 
	{Haigron}, R. and {Hanenburg}, H. and {Hendriks}, I. and {Horrobin}, M. and 
	{Horville}, D. and {Jessen}, N.~C. and {Kerber}, F. and {Kern}, L. and 
	{Kiekebusch}, M. and {Kleszcz}, P. and {Klougart}, J. and {Kragt}, J. and 
	{Larsen}, H.~H. and {Lizon}, J.-L. and {Lucuix}, C. and {Mainieri}, V. and 
	{Manuputy}, R. and {Martayan}, C. and {Mason}, E. and {Mazzoleni}, R. and 
	{Michaelsen}, N. and {Modigliani}, A. and {Moehler}, S. and 
	{M{\o}ller}, P. and {Norup S{\o}rensen}, A. and {N{\o}rregaard}, P. and 
	{P{\'e}roux}, C. and {Patat}, F. and {Pena}, E. and {Pragt}, J. and 
	{Reinero}, C. and {Rigal}, F. and {Riva}, M. and {Roelfsema}, R. and 
	{Royer}, F. and {Sacco}, G. and {Santin}, P. and {Schoenmaker}, T. and 
	{Spano}, P. and {Sweers}, E. and {Ter Horst}, R. and {Tintori}, M. and 
	{Tromp}, N. and {van Dael}, P. and {van der Vliet}, H. and {Venema}, L. and 
	{Vidali}, M. and {Vinther}, J. and {Vola}, P. and {Winters}, R. and 
	{Wistisen}, D. and {Wulterkens}, G. and {Zacchei}, A.},
    title = "{X-shooter, the new wide band intermediate resolution spectrograph at the ESO Very Large Telescope}",
  journal = {\aap},
archivePrefix = "arXiv",
   eprint = {1110.1944},
 primaryClass = "astro-ph.IM",
 keywords = {instrumentation: spectrographs},
     year = 2011,
    month = dec,
   volume = 536,
      eid = {A105},
    pages = {A105},
      doi = {10.1051/0004-6361/201117752},
   adsurl = {http://esoads.eso.org/abs/2011A%26A...536A.105V},
  adsnote = {Provided by the SAO/NASA Astrophysics Data System}
}

@INPROCEEDINGS{2010SPIE.7737E..56M,
   author = {{Modigliani}, A. and {Goldoni}, P. and {Royer}, F. and {Haigron}, R. and 
	{Guglielmi}, L. and {Fran{\c c}ois}, P. and {Horrobin}, M. and 
	{Bristow}, P. and {Vernet}, J. and {Moehler}, S. and {Kerber}, F. and 
	{Ballester}, P. and {Mason}, E. and {Christensen}, L.},
    title = "{The X-shooter pipeline}",
booktitle = {SPIE Conf. Series},
     year = 2010,
   series = {SPIE Conf. Series},
   volume = 7737,
    month = jul,
      eid = {773728},
      doi = {10.1117/12.857211},
   adsurl = {http://esoads.eso.org/abs/2010SPIE.7737E..56M},
  adsnote = {Provided by the SAO/NASA Astrophysics Data System}
}


@ARTICLE{2014A&A...571A..16P,
   author = {{Planck Collaboration}},
    title = "{Planck 2013 results. XVI. Cosmological parameters}",
  journal = {\aap},
archivePrefix = "arXiv",
   eprint = {1303.5076},
 primaryClass = "astro-ph.CO",
 keywords = {cosmic background radiation, cosmological parameters, early Universe, inflation, primordial nucleosynthesis},
     year = 2014,
    month = nov,
   volume = 571,
      eid = {A16},
    pages = {A16},
      doi = {10.1051/0004-6361/201321591},
   adsurl = {http://esoads.eso.org/abs/2014A%26A...571A..16P},
  adsnote = {Provided by the SAO/NASA Astrophysics Data System}
}

@article{Walt:2011:NAS:1957373.1957466,
 author = {Walt, Stefan van der and Colbert, S. Chris and Varoquaux, Gael},
 title = {The NumPy Array: A Structure for Efficient Numerical Computation},
 journal = {Computing in Science and Engg.},
 issue_date = {March 2011},
 volume = {13},
 number = {2},
 month = mar,
 year = {2011},
 issn = {1521-9615},
 pages = {22--30},
 numpages = {9},
 url = {http://dx.doi.org/10.1109/MCSE.2011.37},
 doi = {10.1109/MCSE.2011.37},
 acmid = {1957466},
 publisher = {IEEE Educational Activities Department},
 address = {Piscataway, NJ, USA},
 keywords = {NumPy, Python, Python, NumPy, scientific programming, numerical computations, programming libraries, numerical computations, programming libraries, scientific programming},
} 

ARTICLE{2016MNRAS.455.2918H,
   author = {{Holoien}, T.~W.-S. and {Kochanek}, C.~S. and {Prieto}, J.~L. and 
	{Stanek}, K.~Z. and {Dong}, S. and {Shappee}, B.~J. and {Grupe}, D. and 
	{Brown}, J.~S. and {Basu}, U. and {Beacom}, J.~F. and {Bersier}, D. and 
	{Brimacombe}, J. and {Danilet}, A.~B. and {Falco}, E. and {Guo}, Z. and 
	{Jose}, J. and {Herczeg}, G.~J. and {Long}, F. and {Pojmanski}, G. and 
	{Simonian}, G.~V. and {Szczygie{\l}}, D.~M. and {Thompson}, T.~A. and 
	{Thorstensen}, J.~R. and {Wagner}, R.~M. and {Wo{\'z}niak}, P.~R.
	},
    title = "{Six months of multiwavelength follow-up of the tidal disruption candidate ASASSN-14li and implied TDE rates from ASAS-SN}",
  journal = {\mnras},
archivePrefix = "arXiv",
   eprint = {1507.01598},
 primaryClass = "astro-ph.HE",
 keywords = {accretion, accretion discs, black hole physics, galaxies: nuclei},
     year = 2016,
    month = jan,
   volume = 455,
    pages = {2918-2935},
      doi = {10.1093/mnras/stv2486},
   adsurl = {http://adsabs.harvard.edu/abs/2016MNRAS.455.2918H},
  adsnote = {Provided by the SAO/NASA Astrophysics Data System}
}



@ARTICLE{2015A&A...581A.125K,
   author = {{Kr{\"u}hler}, T. and {Malesani}, D. and {Fynbo}, J.~P.~U. and 
	{Hartoog}, O.~E. and {Hjorth}, J. and {Jakobsson}, P. and {Perley}, D.~A. and 
	{Rossi}, A. and {Schady}, P. and {Schulze}, S. and {Tanvir}, N.~R. and 
	{Vergani}, S.~D. and {Wiersema}, K. and {Afonso}, P.~M.~J. and 
	{Bolmer}, J. and {Cano}, Z. and {Covino}, S. and {D'Elia}, V. and 
	{de Ugarte Postigo}, A. and {Filgas}, R. and {Friis}, M. and 
	{Graham}, J.~F. and {Greiner}, J. and {Goldoni}, P. and {Gomboc}, A. and 
	{Hammer}, F. and {Japelj}, J. and {Kann}, D.~A. and {Kaper}, L. and 
	{Klose}, S. and {Levan}, A.~J. and {Leloudas}, G. and {Milvang-Jensen}, B. and 
	{Nicuesa Guelbenzu}, A. and {Palazzi}, E. and {Pian}, E. and 
	{Piranomonte}, S. and {S{\'a}nchez-Ram{\'{\i}}rez}, R. and {Savaglio}, S. and 
	{Selsing}, J. and {Tagliaferri}, G. and {Vreeswijk}, P.~M. and 
	{Watson}, D.~J. and {Xu}, D.},
    title = "{GRB hosts through cosmic time. VLT/X-Shooter emission-line spectroscopy of 96 {$\gamma$}-ray-burst-selected galaxies at 0.1 $\lt$z $\lt$ 3.6}",
  journal = {\aap},
archivePrefix = "arXiv",
   eprint = {1505.06743},
 keywords = {gamma-ray burst: general, galaxies: high-redshift, galaxies: star formation, galaxies: evolution},
     year = 2015,
    month = sep,
   volume = 581,
      eid = {A125},
    pages = {A125},
      doi = {10.1051/0004-6361/201425561},
   adsurl = {http://adsabs.harvard.edu/abs/2015A%26A...581A.125K},
  adsnote = {Provided by the SAO/NASA Astrophysics Data System}
}


@ARTICLE{2014ApJ...787..138L,
   author = {{Lunnan}, R. and {Chornock}, R. and {Berger}, E. and {Laskar}, T. and 
	{Fong}, W. and {Rest}, A. and {Sanders}, N.~E. and {Challis}, P.~M. and 
	{Drout}, M.~R. and {Foley}, R.~J. and {Huber}, M.~E. and {Kirshner}, R.~P. and 
	{Leibler}, C. and {Marion}, G.~H. and {McCrum}, M. and {Milisavljevic}, D. and 
	{Narayan}, G. and {Scolnic}, D. and {Smartt}, S.~J. and {Smith}, K.~W. and 
	{Soderberg}, A.~M. and {Tonry}, J.~L. and {Burgett}, W.~S. and 
	{Chambers}, K.~C. and {Flewelling}, H. and {Hodapp}, K.~W. and 
	{Kaiser}, N. and {Magnier}, E.~A. and {Price}, P.~A. and {Wainscoat}, R.~J.
	},
    title = "{Hydrogen-poor Superluminous Supernovae and Long-duration Gamma-Ray Bursts Have Similar Host Galaxies}",
  journal = {\apj},
archivePrefix = "arXiv",
   eprint = {1311.0026},
 primaryClass = "astro-ph.HE",
 keywords = {galaxies: abundances, galaxies: dwarf, galaxies: star formation, supernovae: general},
     year = 2014,
    month = jun,
   volume = 787,
      eid = {138},
    pages = {138},
      doi = {10.1088/0004-637X/787/2/138},
   adsurl = {http://adsabs.harvard.edu/abs/2014ApJ...787..138L},
  adsnote = {Provided by the SAO/NASA Astrophysics Data System}
}



@ARTICLE{1996ApJ...466..104Z,
   author = {{Zabludoff}, A.~I. and {Zaritsky}, D. and {Lin}, H. and {Tucker}, D. and 
	{Hashimoto}, Y. and {Shectman}, S.~A. and {Oemler}, A. and {Kirshner}, R.~P.
	},
    title = "{The Environment of ``E+A'' Galaxies}",
  journal = {\apj},
   eprint = {astro-ph/9512058},
 keywords = {GALAXIES: CLUSTERS: GENERAL, GALAXIES: EVOLUTION, GALAXIES: INTERACTIONS, GALAXIES: STELLAR CONTENT},
     year = 1996,
    month = jul,
   volume = 466,
    pages = {104},
      doi = {10.1086/177495},
   adsurl = {http://adsabs.harvard.edu/abs/1996ApJ...466..104Z},
  adsnote = {Provided by the SAO/NASA Astrophysics Data System}
}



@ARTICLE{2016ApJ...818L..21F,
   author = {{French}, K.~D. and {Arcavi}, I. and {Zabludoff}, A.},
    title = "{Tidal Disruption Events Prefer Unusual Host Galaxies}",
  journal = {\apjl},
archivePrefix = "arXiv",
   eprint = {1601.04705},
 keywords = {galaxies: evolution, galaxies: nuclei},
     year = 2016,
    month = feb,
   volume = 818,
      eid = {L21},
    pages = {L21},
      doi = {10.3847/2041-8205/818/1/L21},
   adsurl = {http://adsabs.harvard.edu/abs/2016ApJ...818L..21F},
  adsnote = {Provided by the SAO/NASA Astrophysics Data System}
}


@ARTICLE{2008ARA&A..46..475H,
   author = {{Ho}, L.~C.},
    title = "{Nuclear Activity in Nearby Galaxies}",
  journal = {\araa},
archivePrefix = "arXiv",
   eprint = {0803.2268},
     year = 2008,
    month = sep,
   volume = 46,
    pages = {475-539},
      doi = {10.1146/annurev.astro.45.051806.110546},
   adsurl = {http://adsabs.harvard.edu/abs/2008ARA%26A..46..475H},
  adsnote = {Provided by the SAO/NASA Astrophysics Data System}
}




@ARTICLE{2015JHEAp...7..148K,
   author = {{Komossa}, S.},
    title = "{Tidal disruption of stars by supermassive black holes: Status of observations}",
  journal = {Journal of High Energy Astrophysics},
archivePrefix = "arXiv",
   eprint = {1505.01093},
 primaryClass = "astro-ph.HE",
     year = 2015,
    month = sep,
   volume = 7,
    pages = {148-157},
      doi = {10.1016/j.jheap.2015.04.006},
   adsurl = {http://adsabs.harvard.edu/abs/2015JHEAp...7..148K},
  adsnote = {Provided by the SAO/NASA Astrophysics Data System}
}


@ARTICLE{2017RSOS....470304S,
   author = {{Schady}, P.},
    title = "{Gamma-ray bursts and their use as cosmic probes}",
  journal = {Royal Society Open Science},
archivePrefix = "arXiv",
   eprint = {1707.05214},
     year = 2017,
    month = jul,
   volume = 4,
      eid = {170304},
    pages = {170304},
      doi = {10.1098/rsos.170304},
   adsurl = {http://adsabs.harvard.edu/abs/2017RSOS....470304S},
  adsnote = {Provided by the SAO/NASA Astrophysics Data System}
}



@ARTICLE{2006ApJ...646L..33Y,
   author = {{Yang}, Y. and {Tremonti}, C.~A. and {Zabludoff}, A.~I. and 
	{Zaritsky}, D.},
    title = "{E+A Galaxies with Blue Cores: Active Galaxies in Transition}",
  journal = {\apjl},
   eprint = {astro-ph/0606368},
 keywords = {Galaxies: Active, Galaxies: Evolution, Galaxies: Starburst},
     year = 2006,
    month = jul,
   volume = 646,
    pages = {L33-L36},
      doi = {10.1086/506909},
   adsurl = {http://adsabs.harvard.edu/abs/2006ApJ...646L..33Y},
  adsnote = {Provided by the SAO/NASA Astrophysics Data System}
}


@ARTICLE{1999A&A...343..775K,
   author = {{Komossa}, S. and {Bade}, N.},
    title = "{The giant X-ray outbursts in NGC 5905 and IC 3599:() hfill Follow-up observations and outburst scenarios}",
  journal = {\aap},
   eprint = {astro-ph/9901141},
 keywords = {X-RAYS: GALAXIES, GALAXIES: SEYFERT, GALAXIES: QUASARS: EMISSION LINES, GALAXIES: INDIVIDUAL: NGC 5905, IC 3599, GALAXIES: ACTIVE},
     year = 1999,
    month = mar,
   volume = 343,
    pages = {775-787},
   adsurl = {http://adsabs.harvard.edu/abs/1999A%26A...343..775K},
  adsnote = {Provided by the SAO/NASA Astrophysics Data System}
}

@ARTICLE{1999A&A...349L..45K,
   author = {{Komossa}, S. and {Greiner}, J.},
    title = "{Discovery of a giant and luminous X-ray outburst from the optically inactive galaxy pair RX J1242.6-1119}",
  journal = {\aap},
   eprint = {astro-ph/9908216},
 keywords = {ACCRETION, ACCRETION DISKS, GALAXIES: ACTIVE, GALAXIES: INDIVIDUAL: RX J1242.6-1119, GALAXIES: NUCLEI, X-RAYS: GALAXIES},
     year = 1999,
    month = sep,
   volume = 349,
    pages = {L45-L48},
   adsurl = {http://adsabs.harvard.edu/abs/1999A%26A...349L..45K},
  adsnote = {Provided by the SAO/NASA Astrophysics Data System}
}
@ARTICLE{2012ApJ...754L..29W,
   author = {{Whitaker}, K.~E. and {van Dokkum}, P.~G. and {Brammer}, G. and 
	{Franx}, M.},
    title = "{The Star Formation Mass Sequence Out to z = 2.5}",
  journal = {\apjl},
archivePrefix = "arXiv",
   eprint = {1205.0547},
 keywords = {galaxies: evolution, galaxies: formation, galaxies: high-redshift},
     year = 2012,
    month = aug,
   volume = 754,
      eid = {L29},
    pages = {L29},
      doi = {10.1088/2041-8205/754/2/L29},
   adsurl = {http://adsabs.harvard.edu/abs/2012ApJ...754L..29W},
  adsnote = {Provided by the SAO/NASA Astrophysics Data System}
}



@ARTICLE{2010ApJ...721..193P,
   author = {{Peng}, Y.-j. and {Lilly}, S.~J. and {Kova{\v c}}, K. and {Bolzonella}, M. and 
	{Pozzetti}, L. and {Renzini}, A. and {Zamorani}, G. and {Ilbert}, O. and 
	{Knobel}, C. and {Iovino}, A. and {Maier}, C. and {Cucciati}, O. and 
	{Tasca}, L. and {Carollo}, C.~M. and {Silverman}, J. and {Kampczyk}, P. and 
	{de Ravel}, L. and {Sanders}, D. and {Scoville}, N. and {Contini}, T. and 
	{Mainieri}, V. and {Scodeggio}, M. and {Kneib}, J.-P. and {Le F{\`e}vre}, O. and 
	{Bardelli}, S. and {Bongiorno}, A. and {Caputi}, K. and {Coppa}, G. and 
	{de la Torre}, S. and {Franzetti}, P. and {Garilli}, B. and 
	{Lamareille}, F. and {Le Borgne}, J.-F. and {Le Brun}, V. and 
	{Mignoli}, M. and {Perez Montero}, E. and {Pello}, R. and {Ricciardelli}, E. and 
	{Tanaka}, M. and {Tresse}, L. and {Vergani}, D. and {Welikala}, N. and 
	{Zucca}, E. and {Oesch}, P. and {Abbas}, U. and {Barnes}, L. and 
	{Bordoloi}, R. and {Bottini}, D. and {Cappi}, A. and {Cassata}, P. and 
	{Cimatti}, A. and {Fumana}, M. and {Hasinger}, G. and {Koekemoer}, A. and 
	{Leauthaud}, A. and {Maccagni}, D. and {Marinoni}, C. and {McCracken}, H. and 
	{Memeo}, P. and {Meneux}, B. and {Nair}, P. and {Porciani}, C. and 
	{Presotto}, V. and {Scaramella}, R.},
    title = "{Mass and Environment as Drivers of Galaxy Evolution in SDSS and zCOSMOS and the Origin of the Schechter Function}",
  journal = {\apj},
archivePrefix = "arXiv",
   eprint = {1003.4747},
 primaryClass = "astro-ph.CO",
 keywords = {cosmology: observations, galaxies: active, galaxies: distances and redshifts, galaxies: evolution},
     year = 2010,
    month = sep,
   volume = 721,
    pages = {193-221},
      doi = {10.1088/0004-637X/721/1/193},
   adsurl = {http://adsabs.harvard.edu/abs/2010ApJ...721..193P},
  adsnote = {Provided by the SAO/NASA Astrophysics Data System}
}



@ARTICLE{2014ApJ...793...38A,
   author = {{Arcavi}, I. and {Gal-Yam}, A. and {Sullivan}, M. and {Pan}, Y.-C. and 
	{Cenko}, S.~B. and {Horesh}, A. and {Ofek}, E.~O. and {De Cia}, A. and 
	{Yan}, L. and {Yang}, C.-W. and {Howell}, D.~A. and {Tal}, D. and 
	{Kulkarni}, S.~R. and {Tendulkar}, S.~P. and {Tang}, S. and 
	{Xu}, D. and {Sternberg}, A. and {Cohen}, J.~G. and {Bloom}, J.~S. and 
	{Nugent}, P.~E. and {Kasliwal}, M.~M. and {Perley}, D.~A. and 
	{Quimby}, R.~M. and {Miller}, A.~A. and {Theissen}, C.~A. and 
	{Laher}, R.~R.},
    title = "{A Continuum of H- to He-rich Tidal Disruption Candidates With a Preference for E+A Galaxies}",
  journal = {\apj},
archivePrefix = "arXiv",
   eprint = {1405.1415},
 primaryClass = "astro-ph.HE",
 keywords = {accretion, accretion disks, galaxies: nuclei, quasars: supermassive black holes},
     year = 2014,
    month = sep,
   volume = 793,
      eid = {38},
    pages = {38},
      doi = {10.1088/0004-637X/793/1/38},
   adsurl = {http://adsabs.harvard.edu/abs/2014ApJ...793...38A},
  adsnote = {Provided by the SAO/NASA Astrophysics Data System}
}

@ARTICLE{1999ApJS..122...51D,
   author = {{Dressler}, A. and {Smail}, I. and {Poggianti}, B.~M. and {Butcher}, H. and 
	{Couch}, W.~J. and {Ellis}, R.~S. and {Oemler}, Jr., A.},
    title = "{A Spectroscopic Catalog of 10 Distant Rich Clusters of Galaxies}",
  journal = {\apjs},
   eprint = {astro-ph/9901263},
 keywords = {GALAXIES: CLUSTERS: GENERAL, GALAXIES: DISTANCES AND REDSHIFTS, GALAXIES: EVOLUTION, GALAXIES: PHOTOMETRY, Galaxies: Clusters: General, Galaxies: Distances and Redshifts, Galaxies: Evolution, Galaxies: Photometry},
     year = 1999,
    month = may,
   volume = 122,
    pages = {51-80},
      doi = {10.1086/313213},
   adsurl = {http://adsabs.harvard.edu/abs/1999ApJS..122...51D},
  adsnote = {Provided by the SAO/NASA Astrophysics Data System}
}



@ARTICLE{1992ApJS...78....1D,
   author = {{Dressler}, A. and {Gunn}, J.~E.},
    title = "{Spectroscopy of galaxies in distant clusters. IV - A catalog of photometry and spectroscopy for galaxies in seven clusters with Z in the range of 0.35 to 0.55}",
  journal = {\apjs},
 keywords = {Astronomical Catalogs, Astronomical Photometry, Astronomical Spectroscopy, Color-Color Diagram, Galactic Clusters, Red Shift, Active Galaxies, Astrometry, Color-Magnitude Diagram, Galactic Evolution, Star Formation},
     year = 1992,
    month = jan,
   volume = 78,
    pages = {1-60},
      doi = {10.1086/191620},
   adsurl = {http://adsabs.harvard.edu/abs/1992ApJS...78....1D},
  adsnote = {Provided by the SAO/NASA Astrophysics Data System}
}

@ARTICLE{1997ApJS..111..377W,
   author = {{Worthey}, G. and {Ottaviani}, D.~L.},
    title = "{H{$\gamma$} and H{$\delta$} Absorption Features in Stars and Stellar Populations}",
  journal = {\apjs},
 keywords = {GALAXIES: EVOLUTION, GALAXIES: STELLAR CONTENT, LINE: PROFILES, STARS: ABUNDANCES, Galaxies: Evolution, Galaxies: Stellar Content, Line: Profiles, Stars: Abundances},
     year = 1997,
    month = aug,
   volume = 111,
    pages = {377-386},
      doi = {10.1086/313021},
   adsurl = {http://adsabs.harvard.edu/abs/1997ApJS..111..377W},
  adsnote = {Provided by the SAO/NASA Astrophysics Data System}
}




@ARTICLE{2016ApJ...817L...8B,
   author = {{Bersten}, M.~C. and {Benvenuto}, O.~G. and {Orellana}, M. and 
	{Nomoto}, K.},
    title = "{The Unusual Super-luminous Supernovae SN 2011kl and ASASSN-15lh}",
  journal = {\apjl},
archivePrefix = "arXiv",
   eprint = {1601.01021},
 primaryClass = "astro-ph.HE",
 keywords = {gamma-ray burst: individual: GRB 111209A, stars: evolution, supernovae: general, supernovae: individual: SN 2011kl, ASASSN-15lh},
     year = 2016,
    month = jan,
   volume = 817,
      eid = {L8},
    pages = {L8},
      doi = {10.3847/2041-8205/817/1/L8},
   adsurl = {http://adsabs.harvard.edu/abs/2016ApJ...817L...8B},
  adsnote = {Provided by the SAO/NASA Astrophysics Data System}
}



@ARTICLE{2015MNRAS.454.3311M,
   author = {{Metzger}, B.~D. and {Margalit}, B. and {Kasen}, D. and {Quataert}, E.
	},
    title = "{The diversity of transients from magnetar birth in core collapse supernovae}",
  journal = {\mnras},
archivePrefix = "arXiv",
   eprint = {1508.02712},
 primaryClass = "astro-ph.HE",
 keywords = {gamma-ray burst: general, stars: magnetars, pulsars: general, supernovae: general},
     year = 2015,
    month = dec,
   volume = 454,
    pages = {3311-3316},
      doi = {10.1093/mnras/stv2224},
   adsurl = {http://adsabs.harvard.edu/abs/2015MNRAS.454.3311M},
  adsnote = {Provided by the SAO/NASA Astrophysics Data System}
}



@ARTICLE{2016arXiv160504925C,
   author = {{Chen}, T.-W. and {Smartt}, S.~J. and {Yates}, R.~M. and {Nicholl}, M. and 
	{Kr{\"u}hler}, T. and {Schady}, P. and {Dennefeld}, M. and {Inserra}, C.
	},
    title = "{A sub-solar metallicity is required for superluminous supernova progenitors}",
  journal = {MNRAS, in press},
archivePrefix = "arXiv",
   eprint = {1605.04925},
 keywords = {Astrophysics - Astrophysics of Galaxies},
     year = 2016,
    month = may,
   adsurl = {http://adsabs.harvard.edu/abs/2016arXiv160504925C},
  adsnote = {Provided by the SAO/NASA Astrophysics Data System}
}

@ARTICLE{2016arXiv161205978S,
   author = {{Schulze}, S. and {Kr{\"u}hler}, T. and {Leloudas}, G. and {Gorosabel}, J. and 
	{Mehner}, A. and {Buchner}, J. and {Kim}, S. and {Ibar}, E. and 
	{Amor{\'{\i}}n}, R. and {Herrero-Illana}, R. and {Anderson}, J.~P. and 
	{Bauer}, F.~E. and {Christensen}, L. and {de Pasquale}, M. and 
	{de Ugarte Postigo}, A. and {Gallazzi}, A. and {Hjorth}, J. and 
	{Morrell}, N. and {Malesani}, D. and {Sparre}, M. and {Stalder}, B. and 
	{Stark}, A.~A. and {Th{\"o}ne}, C.~C. and {Wheeler}, J.~C.},
    title = "{Cosmic evolution and metal aversion in super-luminous supernova host galaxies}",
  journal = {MNRAS, submitted},
archivePrefix = "arXiv",
   eprint = {1612.05978},
 keywords = {Astrophysics - Astrophysics of Galaxies},
     year = 2016,
    month = dec,
   adsurl = {http://adsabs.harvard.edu/abs/2016arXiv161205978S},
  adsnote = {Provided by the SAO/NASA Astrophysics Data System}
}


@ARTICLE{2017MNRAS.467.1795L,
   author = {{Lyman}, J.~D. and {Levan}, A.~J. and {Tanvir}, N.~R. and {Fynbo}, J.~P.~U. and 
	{McGuire}, J.~T.~W. and {Perley}, D.~A. and {Angus}, C.~R. and 
	{Bloom}, J.~S. and {Conselice}, C.~J. and {Fruchter}, A.~S. and 
	{Hjorth}, J. and {Jakobsson}, P. and {Starling}, R.~L.~C.},
    title = "{The host galaxies and explosion sites of long-duration gamma ray bursts: Hubble Space Telescope near-infrared imaging}",
  journal = {\mnras},
archivePrefix = "arXiv",
   eprint = {1701.05925},
 keywords = {gamma-ray burst: general},
     year = 2017,
    month = may,
   volume = 467,
    pages = {1795-1817},
      doi = {10.1093/mnras/stx220},
   adsurl = {http://adsabs.harvard.edu/abs/2017MNRAS.467.1795L},
  adsnote = {Provided by the SAO/NASA Astrophysics Data System}
}



@ARTICLE{2015MNRAS.449..917L,
   author = {{Leloudas}, G. and {Schulze}, S. and {Kr{\"u}hler}, T. and {Gorosabel}, J. and 
	{Christensen}, L. and {Mehner}, A. and {de Ugarte Postigo}, A. and 
	{Amor{\'{\i}}n}, R. and {Th{\"o}ne}, C.~C. and {Anderson}, J.~P. and 
	{Bauer}, F.~E. and {Gallazzi}, A. and {He{\l}miniak}, K.~G. and 
	{Hjorth}, J. and {Ibar}, E. and {Malesani}, D. and {Morell}, N. and 
	{Vinko}, J. and {Wheeler}, J.~C.},
    title = "{Spectroscopy of superluminous supernova host galaxies. A preference of hydrogen-poor events for extreme emission line galaxies}",
  journal = {\mnras},
archivePrefix = "arXiv",
   eprint = {1409.8331},
 keywords = {supernovae: general, galaxies: abundances, galaxies: starburst},
     year = 2015,
    month = may,
   volume = 449,
    pages = {917-932},
      doi = {10.1093/mnras/stv320},
   adsurl = {http://adsabs.harvard.edu/abs/2015MNRAS.449..917L},
  adsnote = {Provided by the SAO/NASA Astrophysics Data System}
}



@ARTICLE{2016ApJ...830...13P,
   author = {{Perley}, D.~A. and {Quimby}, R.~M. and {Yan}, L. and {Vreeswijk}, P.~M. and 
	{De Cia}, A. and {Lunnan}, R. and {Gal-Yam}, A. and {Yaron}, O. and 
	{Filippenko}, A.~V. and {Graham}, M.~L. and {Laher}, R. and 
	{Nugent}, P.~E.},
    title = "{Host-galaxy Properties of 32 Low-redshift Superluminous Supernovae from the Palomar Transient Factory}",
  journal = {\apj},
archivePrefix = "arXiv",
   eprint = {1604.08207},
 primaryClass = "astro-ph.HE",
 keywords = {galaxies: abundances, galaxies: dwarf, galaxies: photometry, supernovae: general},
     year = 2016,
    month = oct,
   volume = 830,
      eid = {13},
    pages = {13},
      doi = {10.3847/0004-637X/830/1/13},
   adsurl = {http://adsabs.harvard.edu/abs/2016ApJ...830...13P},
  adsnote = {Provided by the SAO/NASA Astrophysics Data System}
}



@ARTICLE{2016MNRAS.458.3455M,
   author = {{Mazzali}, P.~A. and {Sullivan}, M. and {Pian}, E. and {Greiner}, J. and 
	{Kann}, D.~A.},
    title = "{Spectrum formation in superluminous supernovae (Type I)}",
  journal = {\mnras},
archivePrefix = "arXiv",
   eprint = {1603.00388},
 primaryClass = "astro-ph.HE",
 keywords = {radiative transfer, techniques: spectroscopic, supernovae: general, supernovae: individual: (SNLS-06D4eu, PTF09cnd, SN 2011kl, iPTF13ajg)},
     year = 2016,
    month = jun,
   volume = 458,
    pages = {3455-3465},
      doi = {10.1093/mnras/stw512},
   adsurl = {http://adsabs.harvard.edu/abs/2016MNRAS.458.3455M},
  adsnote = {Provided by the SAO/NASA Astrophysics Data System}
}



@ARTICLE{2011Natur.474..487Q,
   author = {{Quimby}, R.~M. and {Kulkarni}, S.~R. and {Kasliwal}, M.~M. and 
	{Gal-Yam}, A. and {Arcavi}, I. and {Sullivan}, M. and {Nugent}, P. and 
	{Thomas}, R. and {Howell}, D.~A. and {Nakar}, E. and {Bildsten}, L. and 
	{Theissen}, C. and {Law}, N.~M. and {Dekany}, R. and {Rahmer}, G. and 
	{Hale}, D. and {Smith}, R. and {Ofek}, E.~O. and {Zolkower}, J. and 
	{Velur}, V. and {Walters}, R. and {Henning}, J. and {Bui}, K. and 
	{McKenna}, D. and {Poznanski}, D. and {Cenko}, S.~B. and {Levitan}, D.
	},
    title = "{Hydrogen-poor superluminous stellar explosions}",
  journal = {\nat},
archivePrefix = "arXiv",
   eprint = {0910.0059},
 primaryClass = "astro-ph.CO",
     year = 2011,
    month = jun,
   volume = 474,
    pages = {487-489},
      doi = {10.1038/nature10095},
   adsurl = {http://adsabs.harvard.edu/abs/2011Natur.474..487Q},
  adsnote = {Provided by the SAO/NASA Astrophysics Data System}
}



@ARTICLE{2017ApJ...836...25M,
   author = {{Margutti}, R. and {Metzger}, B.~D. and {Chornock}, R. and {Milisavljevic}, D. and 
	{Berger}, E. and {Blanchard}, P.~K. and {Guidorzi}, C. and {Migliori}, G. and 
	{Kamble}, A. and {Lunnan}, R. and {Nicholl}, M. and {Coppejans}, D.~L. and 
	{DallOsso}, S. and {Drout}, M.~R. and {Perna}, R. and 
	{Sbarufatti}, B.},
    title = "{X-Rays from the Location of the Double-humped Transient ASASSN-15lh}",
  journal = {\apj},
archivePrefix = "arXiv",
   eprint = {1610.01632},
 primaryClass = "astro-ph.HE",
 keywords = {supernovae: individual: ASASSN-15lh },
     year = 2017,
    month = feb,
   volume = 836,
      eid = {25},
    pages = {25},
      doi = {10.3847/1538-4357/836/1/25},
   adsurl = {http://adsabs.harvard.edu/abs/2017ApJ...836...25M},
  adsnote = {Provided by the SAO/NASA Astrophysics Data System}
}



@ARTICLE{2017MNRAS.466.1428G,
   author = {{Godoy-Rivera}, D. and {Stanek}, K.~Z. and {Kochanek}, C.~S. and 
	{Chen}, P. and {Dong}, S. and {Prieto}, J.~L. and {Shappee}, B.~J. and 
	{Jha}, S.~W. and {Foley}, R.~J. and {Pan}, Y.-C. and {Holoien}, T.~W.-S. and 
	{Thompson}, T.~A. and {Grupe}, D. and {Beacom}, J.~F.},
    title = "{The unexpected, long-lasting, UV rebrightening of the superluminous supernova ASASSN-15lh}",
  journal = {\mnras},
archivePrefix = "arXiv",
   eprint = {1605.00645},
 primaryClass = "astro-ph.HE",
 keywords = {supernovae: general, supernovae: individual: ASASSN-15lh},
     year = 2017,
    month = apr,
   volume = 466,
    pages = {1428-1443},
      doi = {10.1093/mnras/stw3237},
   adsurl = {http://adsabs.harvard.edu/abs/2017MNRAS.466.1428G},
  adsnote = {Provided by the SAO/NASA Astrophysics Data System}
}

@ARTICLE{2012MNRAS.425..623L,
   author = {{Lusso}, E. and {Comastri}, A. and {Simmons}, B.~D. and {Mignoli}, M. and 
	{Zamorani}, G. and {Vignali}, C. and {Brusa}, M. and {Shankar}, F. and 
	{Lutz}, D. and {Trump}, J.~R. and {Maiolino}, R. and {Gilli}, R. and 
	{Bolzonella}, M. and {Puccetti}, S. and {Salvato}, M. and {Impey}, C.~D. and 
	{Civano}, F. and {Elvis}, M. and {Mainieri}, V. and {Silverman}, J.~D. and 
	{Koekemoer}, A.~M. and {Bongiorno}, A. and {Merloni}, A. and 
	{Berta}, S. and {Le Floc'h}, E. and {Magnelli}, B. and {Pozzi}, F. and 
	{Riguccini}, L.},
    title = "{Bolometric luminosities and Eddington ratios of X-ray selected active galactic nuclei in the XMM-COSMOS survey}",
  journal = {\mnras},
archivePrefix = "arXiv",
   eprint = {1206.2642},
 keywords = {methods: statistical, galaxies: active, galaxies: evolution, quasars: general },
     year = 2012,
    month = sep,
   volume = 425,
    pages = {623-640},
      doi = {10.1111/j.1365-2966.2012.21513.x},
   adsurl = {http://adsabs.harvard.edu/abs/2012MNRAS.425..623L},
  adsnote = {Provided by the SAO/NASA Astrophysics Data System}
}



@ARTICLE{2009A&A...504...73L,
   author = {{Lamastra}, A. and {Bianchi}, S. and {Matt}, G. and {Perola}, G.~C. and 
	{Barcons}, X. and {Carrera}, F.~J.},
    title = "{The bolometric luminosity of type 2 AGN from extinction-corrected [OIII]. No evidence of Eddington-limited sources}",
  journal = {\aap},
archivePrefix = "arXiv",
   eprint = {0905.4439},
 keywords = {galaxies: active, galaxies: Seyfert, X-rays: galaxies},
     year = 2009,
    month = sep,
   volume = 504,
    pages = {73-79},
      doi = {10.1051/0004-6361/200912023},
   adsurl = {http://adsabs.harvard.edu/abs/2009A%26A...504...73L},
  adsnote = {Provided by the SAO/NASA Astrophysics Data System}
}




@ARTICLE{2016ApJ...828....3B,
   author = {{Brown}, P.~J. and {Yang}, Y. and {Cooke}, J. and {Olaes}, M. and 
	{Quimby}, R.~M. and {Baade}, D. and {Gehrels}, N. and {Hoeflich}, P. and 
	{Maund}, J. and {Mould}, J. and {Wang}, L. and {Wheeler}, J.~C.
	},
    title = "{ASASSN-15lh: A Superluminous Ultraviolet Rebrightening Observed by Swift and Hubble}",
  journal = {\apj},
archivePrefix = "arXiv",
   eprint = {1605.03951},
 primaryClass = "astro-ph.HE",
 keywords = {polarization, supernovae: individual: ASASSN-15lh, SN2015L, ultraviolet: general, X-rays: general},
     year = 2016,
    month = sep,
   volume = 828,
      eid = {3},
    pages = {3},
      doi = {10.3847/0004-637X/828/1/3},
   adsurl = {http://adsabs.harvard.edu/abs/2016ApJ...828....3B},
  adsnote = {Provided by the SAO/NASA Astrophysics Data System}
}


@ARTICLE{2017arXiv170606855M,
   author = {{Moriya}, T.~J. and {Tanaka}, M. and {Morokuma}, T. and {Ohsuga}, K.
	},
    title = "{Superluminous transients at AGN centers from interaction between black-hole disk winds and broad-line region clouds}",
  journal = {ApJL, in press},
archivePrefix = "arXiv",
   eprint = {1706.06855},
 primaryClass = "astro-ph.HE",
 keywords = {Astrophysics - High Energy Astrophysical Phenomena},
     year = 2017,
    month = jun,
   adsurl = {http://adsabs.harvard.edu/abs/2017arXiv170606855M},
  adsnote = {Provided by the SAO/NASA Astrophysics Data System}
}



@ARTICLE{2015ATel.7776....1P,
   author = {{Prieto}, J.~L. and {Shappee}, B.~J. and {Dong}, S. and {Jha}, S.~W. and 
	{Stanek}, K.~Z. and {Holoien}, T.~W.-S. and {Kochanek}, C.~S. and 
	{Thompson}, T.~A. and {Morell}, N. and {Thompson}, I.~B. and 
	{Olivares}, F. and {Pignata}, G.},
    title = "{APMUKS(BJ) B215839.70-615403.9: The massive host galaxy candidate of ASASSN-15lh}",
  journal = {The Astronomer's Telegram},
 keywords = {Supernovae, Transient},
     year = 2015,
    month = jul,
   volume = 7776,
   adsurl = {http://adsabs.harvard.edu/abs/2015ATel.7776....1P},
  adsnote = {Provided by the SAO/NASA Astrophysics Data System}
}




@ARTICLE{2016Sci...351..257D,
   author = {{Dong}, S. and {Shappee}, B.~J. and {Prieto}, J.~L. and {Jha}, S.~W. and 
	{Stanek}, K.~Z. and {Holoien}, T.~W.-S. and {Kochanek}, C.~S. and 
	{Thompson}, T.~A. and {Morrell}, N. and {Thompson}, I.~B. and 
	{Basu}, U. and {Beacom}, J.~F. and {Bersier}, D. and {Brimacombe}, J. and 
	{Brown}, J.~S. and {Bufano}, F. and {Chen}, P. and {Conseil}, E. and 
	{Danilet}, A.~B. and {Falco}, E. and {Grupe}, D. and {Kiyota}, S. and 
	{Masi}, G. and {Nicholls}, B. and {Olivares E.}, F. and {Pignata}, G. and 
	{Pojmanski}, G. and {Simonian}, G.~V. and {Szczygiel}, D.~M. and 
	{Wo{\'z}niak}, P.~R.},
    title = "{ASASSN-15lh: A highly super-luminous supernova}",
  journal = {Science},
archivePrefix = "arXiv",
   eprint = {1507.03010},
 primaryClass = "astro-ph.HE",
     year = 2016,
    month = jan,
   volume = 351,
    pages = {257-260},
      doi = {10.1126/science.aac9613},
   adsurl = {http://adsabs.harvard.edu/abs/2016Sci...351..257D},
  adsnote = {Provided by the SAO/NASA Astrophysics Data System}
}



@ARTICLE{2015ATel.7642....1N,
   author = {{Nicholls}, B. and {Holoien}, T.~W.-S. and {Stanek}, K.~Z. and 
	{Kochanek}, C.~S. and {Brown}, J.~S. and {Danilet}, A.~B. and 
	{Simonian}, G. and {Basu}, U. and {Beacom}, J.~F. and {Thompson}, T.~A. and 
	{Shappee}, B.~J. and {Prieto}, J.~L. and {Bersier}, D. and {Dong}, S. and 
	{Brimacombe}, J. and {Falco}, E. and {Wozniak}, P.~R. and {Szczygiel}, D. and 
	{Pojmanski}, G. and {Conseil}, E. and {Kiyota}, S. and {Masi}, G.
	},
    title = "{ASAS-SN Discovery of A Probable Supernova in APMUKS(BJ) B215839.70-615403.9}",
  journal = {The Astronomer's Telegram},
 keywords = {Supernovae, Transient},
     year = 2015,
    month = jun,
   volume = 7642,
   adsurl = {http://adsabs.harvard.edu/abs/2015ATel.7642....1N},
  adsnote = {Provided by the SAO/NASA Astrophysics Data System}
}




@ARTICLE{2014ApJ...788...48S,
   author = {{Shappee}, B.~J. and {Prieto}, J.~L. and {Grupe}, D. and {Kochanek}, C.~S. and 
	{Stanek}, K.~Z. and {De Rosa}, G. and {Mathur}, S. and {Zu}, Y. and 
	{Peterson}, B.~M. and {Pogge}, R.~W. and {Komossa}, S. and {Im}, M. and 
	{Jencson}, J. and {Holoien}, T.~W.-S. and {Basu}, U. and {Beacom}, J.~F. and 
	{Szczygie{\l}}, D.~M. and {Brimacombe}, J. and {Adams}, S. and 
	{Campillay}, A. and {Choi}, C. and {Contreras}, C. and {Dietrich}, M. and 
	{Dubberley}, M. and {Elphick}, M. and {Foale}, S. and {Giustini}, M. and 
	{Gonzalez}, C. and {Hawkins}, E. and {Howell}, D.~A. and {Hsiao}, E.~Y. and 
	{Koss}, M. and {Leighly}, K.~M. and {Morrell}, N. and {Mudd}, D. and 
	{Mullins}, D. and {Nugent}, J.~M. and {Parrent}, J. and {Phillips}, M.~M. and 
	{Pojmanski}, G. and {Rosing}, W. and {Ross}, R. and {Sand}, D. and 
	{Terndrup}, D.~M. and {Valenti}, S. and {Walker}, Z. and {Yoon}, Y.
	},
    title = "{The Man behind the Curtain: X-Rays Drive the UV through NIR Variability in the 2013 Active Galactic Nucleus Outburst in NGC 2617}",
  journal = {\apj},
archivePrefix = "arXiv",
   eprint = {1310.2241},
 primaryClass = "astro-ph.HE",
 keywords = {galaxies: active, galaxies: nuclei, galaxies: Seyfert, line: formation, line: profiles},
     year = 2014,
    month = jun,
   volume = 788,
      eid = {48},
    pages = {48},
      doi = {10.1088/0004-637X/788/1/48},
   adsurl = {http://adsabs.harvard.edu/abs/2014ApJ...788...48S},
  adsnote = {Provided by the SAO/NASA Astrophysics Data System}
}



@ARTICLE{2009ApJS..182..543A,
   author = {{Abazajian}, K.~N. and {Adelman-McCarthy}, J.~K. and {Ag{\"u}eros}, M.~A. and 
	{Allam}, S.~S. and {Allende Prieto}, C. and {An}, D. and {Anderson}, K.~S.~J. and 
	{Anderson}, S.~F. and {Annis}, J. and {Bahcall}, N.~A. and et al.},
    title = "{The Seventh Data Release of the Sloan Digital Sky Survey}",
  journal = {\apjs},
archivePrefix = "arXiv",
   eprint = {0812.0649},
 keywords = {atlases, catalogs, surveys},
     year = 2009,
    month = jun,
   volume = 182,
      eid = {543-558},
    pages = {543-558},
      doi = {10.1088/0067-0049/182/2/543},
   adsurl = {http://adsabs.harvard.edu/abs/2009ApJS..182..543A},
  adsnote = {Provided by the SAO/NASA Astrophysics Data System}
}

@ARTICLE{2011MNRAS.413.1687C,
   author = {{Cid Fernandes}, R. and {Stasi{\'n}ska}, G. and {Mateus}, A. and 
	{Vale Asari}, N.},
    title = "{A comprehensive classification of galaxies in the Sloan Digital Sky Survey: how to tell true from fake AGN?}",
  journal = {\mnras},
archivePrefix = "arXiv",
   eprint = {1012.4426},
 keywords = {galaxies: active, galaxies: evolution, galaxies: statistics, galaxies: stellar content},
     year = 2011,
    month = may,
   volume = 413,
    pages = {1687-1699},
      doi = {10.1111/j.1365-2966.2011.18244.x},
   adsurl = {http://adsabs.harvard.edu/abs/2011MNRAS.413.1687C},
  adsnote = {Provided by the SAO/NASA Astrophysics Data System}
}



@ARTICLE{1981PASP...93....5B,
   author = {{Baldwin}, J.~A. and {Phillips}, M.~M. and {Terlevich}, R.},
    title = "{Classification parameters for the emission-line spectra of extragalactic objects}",
  journal = {\pasp},
 keywords = {Astronomical Spectroscopy, Emission Spectra, Line Spectra, Quasars, Seyfert Galaxies, Classifications, H Ii Regions, Photoionization, Planetary Nebulae, Shock Heating},
     year = 1981,
    month = feb,
   volume = 93,
    pages = {5-19},
      doi = {10.1086/130766},
   adsurl = {http://adsabs.harvard.edu/abs/1981PASP...93....5B},
  adsnote = {Provided by the SAO/NASA Astrophysics Data System}
}


@ARTICLE{2008MNRAS.385..769B,
   author = {{Brinchmann}, J. and {Pettini}, M. and {Charlot}, S.},
    title = "{New insights into the stellar content and physical conditions of star-forming galaxies at z = 2-3 from spectral modelling}",
  journal = {\mnras},
archivePrefix = "arXiv",
   eprint = {0801.1678},
 keywords = {stars: early-type, stars: Wolf-Rayet, galaxies: abundances, galaxies: evolution, galaxies: high-redshift, galaxies: starburst},
     year = 2008,
    month = apr,
   volume = 385,
    pages = {769-782},
      doi = {10.1111/j.1365-2966.2008.12914.x},
   adsurl = {http://esoads.eso.org/abs/2008MNRAS.385..769B},
  adsnote = {Provided by the SAO/NASA Astrophysics Data System}
}

@ARTICLE{2013ApJ...774L..10K,
   author = {{Kewley}, L.~J. and {Maier}, C. and {Yabe}, K. and {Ohta}, K. and 
	{Akiyama}, M. and {Dopita}, M.~A. and {Yuan}, T.},
    title = "{The Cosmic BPT Diagram: Confronting Theory with Observations}",
  journal = {\apjl},
archivePrefix = "arXiv",
   eprint = {1307.0514},
 primaryClass = "astro-ph.CO",
 keywords = {galaxies: abundances, galaxies: active, galaxies: starburst },
     year = 2013,
    month = sep,
   volume = 774,
      eid = {L10},
    pages = {L10},
      doi = {10.1088/2041-8205/774/1/L10},
   adsurl = {http://esoads.eso.org/abs/2013ApJ...774L..10K},
  adsnote = {Provided by the SAO/NASA Astrophysics Data System}
}

@ARTICLE{1975Natur.254..295H,
   author = {{Hills}, J.~G.},
    title = "{Possible power source of Seyfert galaxies and QSOs}",
  journal = {\nat},
 keywords = {Black Holes (Astronomy), Mass Transfer, Quasars, Seyfert Galaxies, Galactic Nuclei, Gas Flow, Roche Limit, Stellar Mass, Stellar Mass Ejection},
     year = 1975,
    month = mar,
   volume = 254,
    pages = {295-298},
      doi = {10.1038/254295a0},
   adsurl = {http://adsabs.harvard.edu/abs/1975Natur.254..295H},
  adsnote = {Provided by the SAO/NASA Astrophysics Data System}
}



@ARTICLE{2003MNRAS.344.1000B,
   author = {{Bruzual}, G. and {Charlot}, S.},
    title = "{Stellar population synthesis at the resolution of 2003}",
  journal = {\mnras},
   eprint = {astro-ph/0309134},
 keywords = {stars: evolution, galaxies: evolution, galaxies: formation, galaxies: stellar content},
     year = 2003,
    month = oct,
   volume = 344,
    pages = {1000-1028},
      doi = {10.1046/j.1365-8711.2003.06897.x},
   adsurl = {http://adsabs.harvard.edu/abs/2003MNRAS.344.1000B},
  adsnote = {Provided by the SAO/NASA Astrophysics Data System}
}


@INPROCEEDINGS{2009RMxAC..35..127C,
   author = {{Cid Fernandes}, R. and {Schoenell}, W. and {Gomes}, J.~M. and 
	{Asari}, N.~V. and {Schlickmann}, M. and {Mateus}, A. and {Stasinska}, G. and 
	{Sodr{\'e}}, Jr., L. and {Torres-Papaqui}, J.~P. and {Seagal Collaboration}
	},
    title = "{The Star Formation Histories of Galaxies: A tour through the STARLIGHT-SDSS database}",
 keywords = {HII regions, ISM: jets and outflows, stars: pre-main sequence, stars: mass loss},
booktitle = {Rev. Mex. Astron. Astrofis. Conf. Ser.},
     year = 2009,
   series = {},
   volume = 35,
archivePrefix = "arXiv",
   eprint = {0802.0849},
    month = may,
    pages = {127-132},
   adsurl = {http://adsabs.harvard.edu/abs/2009RMxAC..35..127C},
  adsnote = {Provided by the SAO/NASA Astrophysics Data System}
}


@ARTICLE{2005MNRAS.358..363C,
   author = {{Cid Fernandes}, R. and {Mateus}, A. and {Sodr{\'e}}, L. and 
	{Stasi{\'n}ska}, G. and {Gomes}, J.~M.},
    title = "{Semi-empirical analysis of Sloan Digital Sky Survey galaxies - I. Spectral synthesis method}",
  journal = {\mnras},
   eprint = {astro-ph/0412481},
 keywords = {galaxies: evolution, galaxies: fundamental parameters, galaxies: statistics, galaxies: stellar content},
     year = 2005,
    month = apr,
   volume = 358,
    pages = {363-378},
      doi = {10.1111/j.1365-2966.2005.08752.x},
   adsurl = {http://adsabs.harvard.edu/abs/2005MNRAS.358..363C},
  adsnote = {Provided by the SAO/NASA Astrophysics Data System}
}



@ARTICLE{2015ATel.7843....1M,
   author = {{Melchior}, P. and {Drlica-Wagner}, A. and {Bechtol}, K. and 
	{Rykoff}, E. and {Hartley}, W. and {Dark Energy Survey Collaboration}
	},
    title = "{Optical broad-band photometry and reference image for APMUKS(BJ) B215839.70-615403.9 / ASASSN-15lh from the Dark Energy Survey}",
  journal = {The Astronomer's Telegram},
 keywords = {Supernovae},
     year = 2015,
    month = jul,
   volume = 7843,
   adsurl = {http://adsabs.harvard.edu/abs/2015ATel.7843....1M},
  adsnote = {Provided by the SAO/NASA Astrophysics Data System}
}




@ARTICLE{2016ApJ...830L..32P,
   author = {{Prieto}, J.~L. and {Kr{\"u}hler}, T. and {Anderson}, J.~P. and 
	{Galbany}, L. and {Kochanek}, C.~S. and {Aquino}, E. and {Brown}, J.~S. and 
	{Dong}, S. and {F{\"o}rster}, F. and {Holoien}, T.~W.-S. and 
	{Kuncarayakti}, H. and {Maureira}, J.~C. and {Rosales-Ortega}, F.~F. and 
	{S{\'a}nchez}, S.~F. and {Shappee}, B.~J. and {Stanek}, K.~Z.
	},
    title = "{MUSE Reveals a Recent Merger in the Post-starburst Host Galaxy of the TDE ASASSN-14li}",
  journal = {\apjl},
archivePrefix = "arXiv",
   eprint = {1609.00013},
 keywords = {accretion, accretion disks, black hole physics, galaxies: active, galaxies: evolution, galaxies: interactions},
     year = 2016,
    month = oct,
   volume = 830,
      eid = {L32},
    pages = {L32},
      doi = {10.3847/2041-8205/830/2/L32},
   adsurl = {http://adsabs.harvard.edu/abs/2016ApJ...830L..32P},
  adsnote = {Provided by the SAO/NASA Astrophysics Data System}
}



@INPROCEEDINGS{2014ASPC..485..451W,
   author = {{Weilbacher}, P.~M. and {Streicher}, O. and {Urrutia}, T. and 
	{P{\'e}contal-Rousset}, A. and {Jarno}, A. and {Bacon}, R.},
    title = "{The MUSE Data Reduction Pipeline: Status after Preliminary Acceptance Europe}",
booktitle = {Astronomical Data Analysis Software and Systems XXIII},
     year = 2014,
   series = {ASP Conf. Ser.},
   volume = 485,
archivePrefix = "arXiv",
   eprint = {1507.00034},
 primaryClass = "astro-ph.IM",
   editor = {{Manset}, N. and {Forshay}, P.},
    month = may,
    pages = {451},
   adsurl = {http://adsabs.harvard.edu/abs/2014ASPC..485..451W},
  adsnote = {Provided by the SAO/NASA Astrophysics Data System}
}


@ARTICLE{2016MNRAS.455.4087G,
   author = {{Galbany}, L. and {Anderson}, J.~P. and {Rosales-Ortega}, F.~F. and 
	{Kuncarayakti}, H. and {Kr{\"u}hler}, T. and {S{\'a}nchez}, S.~F. and 
	{Falc{\'o}n-Barroso}, J. and {P{\'e}rez}, E. and {Maureira}, J.~C. and 
	{Hamuy}, M. and {Gonz{\'a}lez-Gait{\'a}n}, S. and {F{\"o}rster}, F. and 
	{Moral}, V.},
    title = "{Characterizing the environments of supernovae with MUSE}",
  journal = {\mnras},
archivePrefix = "arXiv",
   eprint = {1511.01495},
 keywords = {methods: statistical, techniques: spectroscopic, supernovae: general, H II regions, galaxies: general},
     year = 2016,
    month = feb,
   volume = 455,
    pages = {4087-4099},
      doi = {10.1093/mnras/stv2620},
   adsurl = {http://adsabs.harvard.edu/abs/2016MNRAS.455.4087G},
  adsnote = {Provided by the SAO/NASA Astrophysics Data System}
}



@ARTICLE{2016MNRAS.458.3210S,
   author = {{Soto}, K.~T. and {Lilly}, S.~J. and {Bacon}, R. and {Richard}, J. and 
	{Conseil}, S.},
    title = "{ZAP - enhanced PCA sky subtraction for integral field spectroscopy}",
  journal = {\mnras},
archivePrefix = "arXiv",
   eprint = {1602.08037},
 primaryClass = "astro-ph.IM",
 keywords = {methods: data analysis, methods: observational, techniques: imaging spectroscopy, techniques: spectroscopic},
     year = 2016,
    month = may,
   volume = 458,
    pages = {3210-3220},
      doi = {10.1093/mnras/stw474},
   adsurl = {http://adsabs.harvard.edu/abs/2016MNRAS.458.3210S},
  adsnote = {Provided by the SAO/NASA Astrophysics Data System}
}

@INPROCEEDINGS{2010SPIE.7735E..08B,
   author = {{Bacon}, R. and {Accardo}, M. and {Adjali}, L. and {Anwand}, H. and 
	{Bauer}, S. and {Biswas}, I. and {Blaizot}, J. and {Boudon}, D. and 
	{Brau-Nogue}, S. and {Brinchmann}, J. and {Caillier}, P. and 
	{Capoani}, L. and {Carollo}, C.~M. and {Contini}, T. and {Couderc}, P. and 
	{Daguis{\'e}}, E. and {Deiries}, S. and {Delabre}, B. and {Dreizler}, S. and 
	{Dubois}, J. and {Dupieux}, M. and {Dupuy}, C. and {Emsellem}, E. and 
	{Fechner}, T. and {Fleischmann}, A. and {Fran{\c c}ois}, M. and 
	{Gallou}, G. and {Gharsa}, T. and {Glindemann}, A. and {Gojak}, D. and 
	{Guiderdoni}, B. and {Hansali}, G. and {Hahn}, T. and {Jarno}, A. and 
	{Kelz}, A. and {Koehler}, C. and {Kosmalski}, J. and {Laurent}, F. and 
	{Le Floch}, M. and {Lilly}, S.~J. and {Lizon}, J.-L. and {Loupias}, M. and 
	{Manescau}, A. and {Monstein}, C. and {Nicklas}, H. and {Olaya}, J.-C. and 
	{Pares}, L. and {Pasquini}, L. and {P{\'e}contal-Rousset}, A. and 
	{Pell{\'o}}, R. and {Petit}, C. and {Popow}, E. and {Reiss}, R. and 
	{Remillieux}, A. and {Renault}, E. and {Roth}, M. and {Rupprecht}, G. and 
	{Serre}, D. and {Schaye}, J. and {Soucail}, G. and {Steinmetz}, M. and 
	{Streicher}, O. and {Stuik}, R. and {Valentin},, H. and {Vernet}, J. and 
	{Weilbacher}, P. and {Wisotzki}, L. and {Yerle}, N.},
    title = "{The MUSE second-generation VLT instrument}",
booktitle = {Ground-based and Airborne Instrumentation for Astronomy III},
     year = 2010,
   series = {\procspie},
   volume = 7735,
    month = jul,
      eid = {773508},
    pages = {773508},
      doi = {10.1117/12.856027},
   adsurl = {http://adsabs.harvard.edu/abs/2010SPIE.7735E..08B},
  adsnote = {Provided by the SAO/NASA Astrophysics Data System}
}

@ARTICLE{2009ARA&A..47..159B,
   author = {{Blanton}, M.~R. and {Moustakas}, J.},
    title = "{Physical Properties and Environments of Nearby Galaxies}",
  journal = {\araa},
archivePrefix = "arXiv",
   eprint = {0908.3017},
     year = 2009,
    month = sep,
   volume = 47,
    pages = {159-210},
      doi = {10.1146/annurev-astro-082708-101734},
   adsurl = {http://adsabs.harvard.edu/abs/2009ARA%26A..47..159B},
  adsnote = {Provided by the SAO/NASA Astrophysics Data System}
}



@ARTICLE{2016NatAs...1E...2L,
   author = {{Leloudas}, G. and {Fraser}, M. and {Stone}, N.~C. and {van Velzen}, S. and 
	{Jonker}, P.~G. and {Arcavi}, I. and {Fremling}, C. and {Maund}, J.~R. and 
	{Smartt}, S.~J. and {Kr{\`i}hler}, T. and {Miller-Jones}, J.~C.~A. and 
	{Vreeswijk}, P.~M. and {Gal-Yam}, A. and {Mazzali}, P.~A. and 
	{De Cia}, A. and {Howell}, D.~A. and {Inserra}, C. and {Patat}, F. and 
	{de Ugarte Postigo}, A. and {Yaron}, O. and {Ashall}, C. and 
	{Bar}, I. and {Campbell}, H. and {Chen}, T.-W. and {Childress}, M. and 
	{Elias-Rosa}, N. and {Harmanen}, J. and {Hosseinzadeh}, G. and 
	{Johansson}, J. and {Kangas}, T. and {Kankare}, E. and {Kim}, S. and 
	{Kuncarayakti}, H. and {Lyman}, J. and {Magee}, M.~R. and {Maguire}, K. and 
	{Malesani}, D. and {Mattila}, S. and {McCully}, C.~V. and {Nicholl}, M. and 
	{Prentice}, S. and {Romero-Ca{\~n}izales}, C. and {Schulze}, S. and 
	{Smith}, K.~W. and {Sollerman}, J. and {Sullivan}, M. and {Tucker}, B.~E. and 
	{Valenti}, S. and {Wheeler}, J.~C. and {Young}, D.~R.},
    title = "{The superluminous transient ASASSN-15lh as a tidal disruption event from a Kerr black hole}",
  journal = {Nature Astronomy},
archivePrefix = "arXiv",
   eprint = {1609.02927},
 primaryClass = "astro-ph.HE",
     year = 2016,
    month = dec,
   volume = 1,
      eid = {0002},
    pages = {0002},
      doi = {10.1038/s41550-016-0002},
   adsurl = {http://adsabs.harvard.edu/abs/2016NatAs...1E...2L},
  adsnote = {Provided by the SAO/NASA Astrophysics Data System}
}


@ARTICLE{2015A&A...576A..77S,
   author = {{Smette}, A. and {Sana}, H. and {Noll}, S. and {Horst}, H. and 
	{Kausch}, W. and {Kimeswenger}, S. and {Barden}, M. and {Szyszka}, C. and 
	{Jones}, A.~M. and {Gallenne}, A. and {Vinther}, J. and {Ballester}, P. and 
	{Taylor}, J.},
    title = "{Molecfit: A general tool for telluric absorption correction. I. Method and application to ESO instruments}",
  journal = {\aap},
archivePrefix = "arXiv",
   eprint = {1501.07239},
 primaryClass = "astro-ph.IM",
 keywords = {radiative transfer, atmospheric effects, instrumentation: spectrographs, methods: observational, methods: data analysis, techniques: spectroscopic},
     year = 2015,
    month = apr,
   volume = 576,
      eid = {A77},
    pages = {A77},
      doi = {10.1051/0004-6361/201423932},
   adsurl = {http://adsabs.harvard.edu/abs/2015A%26A...576A..77S},
  adsnote = {Provided by the SAO/NASA Astrophysics Data System}
}


@INPROCEEDINGS{2006SPIE.6269E..80G,
   author = {{Goldoni}, P. and {Royer}, F. and {Fran{\c c}ois}, P. and {Horrobin}, M. and 
        {Blanc}, G. and {Vernet}, J. and {Modigliani}, A. and {Larsen}, J.
        },
    title = "{Data reduction software of the X-shooter spectrograph}",
booktitle = {SPIE Conf. Ser.},
     year = 2006,
   series = {},
   volume = 6269,
    month = jul,
      doi = {10.1117/12.669986},
   adsurl = {http://adsabs.harvard.edu/abs/2006SPIE.6269E..80G},
  adsnote = {Provided by the SAO/NASA Astrophysics Data System}
}


@ARTICLE{1989ApJ...346L..13E,
   author = {{Evans}, C.~R. and {Kochanek}, C.~S.},
    title = "{The tidal disruption of a star by a massive black hole}",
  journal = {\apjl},
 keywords = {Active Galactic Nuclei, Black Holes (Astronomy), Hydrodynamic Equations, Main Sequence Stars, Stellar Mass, Computational Astrophysics, Galactic Clusters, Stellar Luminosity},
     year = 1989,
    month = nov,
   volume = 346,
    pages = {L13-L16},
      doi = {10.1086/185567},
   adsurl = {http://adsabs.harvard.edu/abs/1989ApJ...346L..13E},
  adsnote = {Provided by the SAO/NASA Astrophysics Data System}
}



@ARTICLE{1988Natur.333..523R,
   author = {{Rees}, M.~J.},
    title = "{Tidal disruption of stars by black holes of 10 to the 6th-10 to the 8th solar masses in nearby galaxies}",
  journal = {\nat},
 keywords = {Active Galactic Nuclei, Black Holes (Astronomy), Stellar Mass, Quasars, Red Shift, Star Distribution, Stellar Flares, Tides},
     year = 1988,
    month = jun,
   volume = 333,
    pages = {523-528},
      doi = {10.1038/333523a0},
   adsurl = {http://adsabs.harvard.edu/abs/1988Natur.333..523R},
  adsnote = {Provided by the SAO/NASA Astrophysics Data System}
}

@ARTICLE{2000ApJ...539L..13G,
   author = {{Gebhardt}, K. and {Bender}, R. and {Bower}, G. and {Dressler}, A. and 
	{Faber}, S.~M. and {Filippenko}, A.~V. and {Green}, R. and {Grillmair}, C. and 
	{Ho}, L.~C. and {Kormendy}, J. and {Lauer}, T.~R. and {Magorrian}, J. and 
	{Pinkney}, J. and {Richstone}, D. and {Tremaine}, S.},
    title = "{A Relationship between Nuclear Black Hole Mass and Galaxy Velocity Dispersion}",
  journal = {\apjl},
   eprint = {astro-ph/0006289},
 keywords = {Galaxies: General, Galaxies: Nuclei, Galaxies: Statistics},
     year = 2000,
    month = aug,
   volume = 539,
    pages = {L13-L16},
      doi = {10.1086/312840},
   adsurl = {http://adsabs.harvard.edu/abs/2000ApJ...539L..13G},
  adsnote = {Provided by the SAO/NASA Astrophysics Data System}
}




@ARTICLE{2000ApJ...539L...9F,
   author = {{Ferrarese}, L. and {Merritt}, D.},
    title = "{A Fundamental Relation between Supermassive Black Holes and Their Host Galaxies}",
  journal = {\apjl},
   eprint = {astro-ph/0006053},
 keywords = {Black Hole Physics, Galaxies: Evolution, Galaxies: Kinematics and Dynamics},
     year = 2000,
    month = aug,
   volume = 539,
    pages = {L9-L12},
      doi = {10.1086/312838},
   adsurl = {http://adsabs.harvard.edu/abs/2000ApJ...539L...9F},
  adsnote = {Provided by the SAO/NASA Astrophysics Data System}
}




@Article{Hunter:2007,
  Author    = {Hunter, J. D.},
  Title     = {Matplotlib: A 2D graphics environment},
  Journal   = {Computing In Science \& Engineering},
  Volume    = {9},
  Number    = {3},
  Pages     = {90--95},
  abstract  = {Matplotlib is a 2D graphics package used for Python
  for application development, interactive scripting, and
  publication-quality image generation across user
  interfaces and operating systems.},
  publisher = {IEEE COMPUTER SOC},
  doi = {10.1109/MCSE.2007.55},
  year      = 2007
}


@ARTICLE{2003PASP..115..763C,
   author = {{Chabrier}, G.},
    title = "{Galactic Stellar and Substellar Initial Mass Function}",
  journal = {\pasp},
   eprint = {arXiv:astro-ph/0304382},
 keywords = {Galaxies: Luminosity Function, Mass Function, Invited Reviews},
     year = 2003,
    month = jul,
   volume = 115,
    pages = {763-795},
      doi = {10.1086/376392},
   adsurl = {http://adsabs.harvard.edu/abs/2003PASP..115..763C},
  adsnote = {Provided by the SAO/NASA Astrophysics Data System}
}


@ARTICLE{2017arXiv170703458V,
   author = {{van Velzen}, S.},
    title = "{On the mass and luminosity functions of tidal disruption flares and flare rate suppression due to black hole event horizons}",
  journal = {ArXiv e-prints},
archivePrefix = "arXiv",
   eprint = {1707.03458},
 primaryClass = "astro-ph.HE",
 keywords = {Astrophysics - High Energy Astrophysical Phenomena, Astrophysics - Astrophysics of Galaxies},
     year = 2017,
    month = jul,
   adsurl = {http://adsabs.harvard.edu/abs/2017arXiv170703458V},
  adsnote = {Provided by the SAO/NASA Astrophysics Data System}
}


@ARTICLE{2017arXiv170608965W,
   author = {{Wevers}, T. and {van Velzen}, S. and {Jonker}, P.~G. and {Stone}, N.~C. and 
	{Hung}, T. and {Onori}, F. and {Gezari}, S. and {Blagorodnova}, N.
	},
    title = "{Black hole masses of tidal disruption event host galaxies}",
  journal = {ArXiv e-prints},
archivePrefix = "arXiv",
   eprint = {1706.08965},
 keywords = {Astrophysics - Astrophysics of Galaxies, Astrophysics - High Energy Astrophysical Phenomena},
     year = 2017,
    month = jun,
   adsurl = {http://adsabs.harvard.edu/abs/2017arXiv170608965W},
  adsnote = {Provided by the SAO/NASA Astrophysics Data System}
}

@ARTICLE{2016MNRAS.461..948M,
   author = {{Metzger}, B.~D. and {Stone}, N.~C.},
    title = "{A bright year for tidal disruptions}",
  journal = {\mnras},
archivePrefix = "arXiv",
   eprint = {1506.03453},
 primaryClass = "astro-ph.HE",
 keywords = {accretion, accretion discs, galaxies: active, galaxies: nuclei, X-rays: galaxies},
     year = 2016,
    month = sep,
   volume = 461,
    pages = {948-966},
      doi = {10.1093/mnras/stw1394},
   adsurl = {http://adsabs.harvard.edu/abs/2016MNRAS.461..948M},
  adsnote = {Provided by the SAO/NASA Astrophysics Data System}
}


@ARTICLE{2017arXiv170702986G,
   author = {{Graur}, O. and {French}, K.~D. and {Zahid}, H.~J. and {Guillochon}, J. and 
	{Mandel}, K.~S. and {Auchettl}, K. and {Zabludoff}, A.~I.},
    title = "{The empirical dependence of the tidal disruption event rate on stellar surface mass density and velocity dispersion}",
  journal = {ArXiv e-prints},
archivePrefix = "arXiv",
   eprint = {1707.02986},
 primaryClass = "astro-ph.HE",
 keywords = {Astrophysics - High Energy Astrophysical Phenomena, Astrophysics - Astrophysics of Galaxies},
     year = 2017,
    month = jul,
   adsurl = {http://adsabs.harvard.edu/abs/2017arXiv170702986G},
  adsnote = {Provided by the SAO/NASA Astrophysics Data System}
}


@ARTICLE{2005MNRAS.357..937G,
   author = {{Goto}, T.},
    title = "{266 E+A galaxies selected from the Sloan Digital Sky Survey Data Release 2: the origin of E+A galaxies}",
  journal = {\mnras},
   eprint = {astro-ph/0503088},
 keywords = {galaxies: evolution, galaxies: formation, galaxies: fundamental parameters, galaxies: interactions, galaxies: irregular},
     year = 2005,
    month = mar,
   volume = 357,
    pages = {937-944},
      doi = {10.1111/j.1365-2966.2005.08701.x},
   adsurl = {http://adsabs.harvard.edu/abs/2005MNRAS.357..937G},
  adsnote = {Provided by the SAO/NASA Astrophysics Data System}
}



